<DATE>	<TIME>	<BID>	<ASK>	<LAST>	<VOLUME>	<FLAGS>
2020.08.12	06:00:03.982	80.61	81.00			6
2020.08.12	06:21:08.947	80.61	81.00			6
2020.08.12	09:35:28.713	80.61	81.50			6
2020.08.12	09:45:00.093	80.61	81.50			6
2020.08.12	09:45:02.590	80.99				2
2020.08.12	09:45:28.124	81.00				2
2020.08.12	09:45:41.624		72.62			4
2020.08.12	09:45:57.260	90.00				2
2020.08.12	09:46:01.232	90.00				2
2020.08.12	09:47:09.991	90.00	72.62			6
2020.08.12	09:48:11.094	90.00	72.62			6
2020.08.12	09:49:03.097	90.00				2
2020.08.12	09:49:39.378		72.62			4
2020.08.12	09:49:53.638		68.85			4
2020.08.12	10:07:38.561			81.31	300.00000000	56
2020.08.12	10:07:38.561			81.31	100.00000000	56
2020.08.12	10:07:38.561			81.31	300.00000000	56
2020.08.12	10:07:38.561			81.31	400.00000000	56
2020.08.12	10:07:38.561			81.31	500.00000000	56
2020.08.12	10:07:38.561			81.31	200.00000000	56
2020.08.12	10:07:38.561			81.31	400.00000000	56
2020.08.12	10:07:38.561			81.31	200.00000000	56
2020.08.12	10:07:38.561			81.31	200.00000000	56
2020.08.12	10:07:38.561			81.31	400.00000000	56
2020.08.12	10:07:38.561			81.31	100.00000000	56
2020.08.12	10:07:38.561			81.31	200.00000000	56
2020.08.12	10:07:38.561			81.31	300.00000000	56
2020.08.12	10:07:38.561			81.31	200.00000000	56
2020.08.12	10:07:38.561			81.31	400.00000000	56
2020.08.12	10:07:38.561			81.31	200.00000000	56
2020.08.12	10:07:38.561			81.31	300.00000000	56
2020.08.12	10:07:38.561			81.31	100.00000000	56
2020.08.12	10:07:38.561			81.31	100.00000000	56
2020.08.12	10:07:38.561			81.31	100.00000000	56
2020.08.12	10:07:38.561			81.31	100.00000000	56
2020.08.12	10:07:38.561			81.31	100.00000000	56
2020.08.12	10:07:38.561			81.31	200.00000000	56
2020.08.12	10:07:38.561			81.31	100.00000000	56
2020.08.12	10:07:38.561			81.31	100.00000000	56
2020.08.12	10:07:38.561			81.31	200.00000000	56
2020.08.12	10:07:38.561			81.31	200.00000000	56
2020.08.12	10:07:38.561			81.31	100.00000000	56
2020.08.12	10:07:38.561			81.31	300.00000000	56
2020.08.12	10:07:38.561			81.31	600.00000000	56
2020.08.12	10:07:38.561			81.31	100.00000000	56
2020.08.12	10:07:38.561			81.31	100.00000000	56
2020.08.12	10:07:38.561			81.31	100.00000000	56
2020.08.12	10:07:38.562			81.31	500.00000000	56
2020.08.12	10:07:38.562			81.31	500.00000000	56
2020.08.12	10:07:38.562			81.31	100.00000000	56
2020.08.12	10:07:38.562			81.31	200.00000000	56
2020.08.12	10:07:38.562			81.31	200.00000000	56
2020.08.12	10:07:38.562			81.31	200.00000000	56
2020.08.12	10:07:38.562			81.31	100.00000000	56
2020.08.12	10:07:38.562			81.31	400.00000000	56
2020.08.12	10:07:38.562			81.31	400.00000000	56
2020.08.12	10:07:38.562			81.31	400.00000000	56
2020.08.12	10:07:38.562			81.31	600.00000000	56
2020.08.12	10:07:38.562			81.31	400.00000000	56
2020.08.12	10:07:38.562			81.31	600.00000000	56
2020.08.12	10:07:38.562			81.31	100.00000000	56
2020.08.12	10:07:38.562			81.31	100.00000000	56
2020.08.12	10:07:38.562			81.31	200.00000000	56
2020.08.12	10:07:38.562			81.31	200.00000000	56
2020.08.12	10:07:38.562			81.31	500.00000000	56
2020.08.12	10:07:38.562			81.31	600.00000000	56
2020.08.12	10:07:38.562			81.31	400.00000000	56
2020.08.12	10:07:38.562			81.31	100.00000000	56
2020.08.12	10:07:38.562			81.31	100.00000000	56
2020.08.12	10:07:38.562			81.31	200.00000000	56
2020.08.12	10:07:38.562			81.31	400.00000000	56
2020.08.12	10:07:38.562			81.31	200.00000000	56
2020.08.12	10:07:38.562			81.31	100.00000000	56
2020.08.12	10:07:38.562			81.31	100.00000000	56
2020.08.12	10:07:38.562			81.31	200.00000000	56
2020.08.12	10:07:38.562			81.31	200.00000000	56
2020.08.12	10:07:38.562			81.31	600.00000000	56
2020.08.12	10:07:38.562			81.31	600.00000000	56
2020.08.12	10:07:38.562			81.31	400.00000000	56
2020.08.12	10:07:38.562			81.31	200.00000000	56
2020.08.12	10:07:38.562			81.31	200.00000000	56
2020.08.12	10:07:38.562			81.31	300.00000000	56
2020.08.12	10:07:38.562			81.31	100.00000000	56
2020.08.12	10:07:38.562			81.31	200.00000000	56
2020.08.12	10:07:38.562			81.31	100.00000000	56
2020.08.12	10:07:38.562			81.31	1000.00000000	56
2020.08.12	10:07:38.562			81.31	400.00000000	56
2020.08.12	10:07:38.562			81.31	100.00000000	56
2020.08.12	10:07:38.562			81.31	300.00000000	56
2020.08.12	10:07:38.562			81.31	300.00000000	56
2020.08.12	10:07:38.562			81.31	100.00000000	56
2020.08.12	10:07:38.562			81.31	100.00000000	56
2020.08.12	10:07:38.562			81.31	200.00000000	56
2020.08.12	10:07:38.562			81.31	100.00000000	56
2020.08.12	10:07:38.562			81.31	300.00000000	56
2020.08.12	10:07:38.562			81.31	100.00000000	56
2020.08.12	10:07:38.562			81.31	200.00000000	56
2020.08.12	10:07:38.562			81.31	200.00000000	56
2020.08.12	10:07:38.562			81.31	300.00000000	56
2020.08.12	10:07:38.562			81.31	100.00000000	56
2020.08.12	10:07:38.562			81.31	100.00000000	56
2020.08.12	10:07:38.562			81.31	1000.00000000	56
2020.08.12	10:07:38.562			81.31	100.00000000	56
2020.08.12	10:07:38.562			81.31	400.00000000	56
2020.08.12	10:07:38.562			81.31	900.00000000	56
2020.08.12	10:07:38.562			81.31	200.00000000	56
2020.08.12	10:07:38.562			81.31	300.00000000	56
2020.08.12	10:07:38.562			81.31	500.00000000	56
2020.08.12	10:07:38.562			81.31	100.00000000	56
2020.08.12	10:07:38.562			81.31	200.00000000	56
2020.08.12	10:07:38.562			81.31	100.00000000	56
2020.08.12	10:07:38.562			81.31	100.00000000	56
2020.08.12	10:07:38.562			81.31	700.00000000	56
2020.08.12	10:07:38.562			81.31	200.00000000	56
2020.08.12	10:07:38.562			81.31	300.00000000	56
2020.08.12	10:07:38.562			81.31	100.00000000	56
2020.08.12	10:07:38.562			81.31	100.00000000	56
2020.08.12	10:07:38.562			81.31	300.00000000	56
2020.08.12	10:07:38.562			81.31	100.00000000	56
2020.08.12	10:07:38.562			81.31	300.00000000	56
2020.08.12	10:07:38.562			81.31	300.00000000	56
2020.08.12	10:07:38.562			81.31	200.00000000	56
2020.08.12	10:07:38.562			81.31	100.00000000	56
2020.08.12	10:07:38.562			81.31	100.00000000	56
2020.08.12	10:07:38.562			81.31	1500.00000000	56
2020.08.12	10:07:38.562			81.31	100.00000000	56
2020.08.12	10:07:38.562			81.31	500.00000000	56
2020.08.12	10:07:38.562			81.31	500.00000000	56
2020.08.12	10:07:38.562			81.31	1000.00000000	56
2020.08.12	10:07:38.562			81.31	100.00000000	56
2020.08.12	10:07:38.562			81.31	100.00000000	56
2020.08.12	10:07:38.562			81.31	100.00000000	56
2020.08.12	10:07:38.562			81.31	200.00000000	56
2020.08.12	10:07:38.562			81.31	200.00000000	56
2020.08.12	10:07:38.562	81.31	81.39			6
2020.08.12	10:07:38.565	81.32				2
2020.08.12	10:07:38.634			81.32	500.00000000	88
2020.08.12	10:07:38.634			81.31	300.00000000	88
2020.08.12	10:07:38.634			81.31	200.00000000	88
2020.08.12	10:07:38.634	81.31				2
2020.08.12	10:07:38.636	81.32				2
2020.08.12	10:07:38.656			81.32	100.00000000	88
2020.08.12	10:07:38.662			81.32	400.00000000	88
2020.08.12	10:07:38.662			81.31	100.00000000	88
2020.08.12	10:07:38.662	81.31				2
2020.08.12	10:07:38.665	81.32				2
2020.08.12	10:07:38.678			81.39	200.00000000	56
2020.08.12	10:07:38.678	81.39	81.40			6
2020.08.12	10:07:38.680			81.40	100.00000000	56
2020.08.12	10:07:38.680			81.40	1000.00000000	56
2020.08.12	10:07:38.680			81.44	100.00000000	56
2020.08.12	10:07:38.680		81.48			4
2020.08.12	10:07:38.681	81.40				2
2020.08.12	10:07:38.742			81.48	200.00000000	56
2020.08.12	10:07:38.742	81.48	81.50			6
2020.08.12	10:07:38.743			81.50	300.00000000	56
2020.08.12	10:07:38.743			81.50	100.00000000	56
2020.08.12	10:07:38.743		81.51			4
2020.08.12	10:07:38.744			81.51	100.00000000	56
2020.08.12	10:07:38.744		81.53			4
2020.08.12	10:07:38.745	81.49				2
2020.08.12	10:07:38.746			81.53	100.00000000	56
2020.08.12	10:07:38.746		81.55			4
2020.08.12	10:07:38.760		81.51			4
2020.08.12	10:07:38.760	81.48				2
2020.08.12	10:07:38.761			81.51	200.00000000	56
2020.08.12	10:07:38.761		81.55			4
2020.08.12	10:07:38.804			81.55	300.00000000	56
2020.08.12	10:07:38.804			81.55	400.00000000	56
2020.08.12	10:07:38.804	81.43				2
2020.08.12	10:07:38.913			81.55	100.00000000	56
2020.08.12	10:07:39.219		81.48			4
2020.08.12	10:07:39.226			81.48	700.00000000	56
2020.08.12	10:07:39.226		81.54			4
2020.08.12	10:07:39.230		81.55			4
2020.08.12	10:07:39.248			81.43	100.00000000	88
2020.08.12	10:07:39.251			81.43	100.00000000	88
2020.08.12	10:07:39.309	81.40				2
2020.08.12	10:07:39.368	81.48				2
2020.08.12	10:07:39.370	81.51				2
2020.08.12	10:07:39.519			81.55	500.00000000	56
2020.08.12	10:07:39.519			81.55	200.00000000	56
2020.08.12	10:07:39.519			81.55	100.00000000	56
2020.08.12	10:07:39.519		81.59			4
2020.08.12	10:07:39.521	81.52				2
2020.08.12	10:07:39.565			81.59	500.00000000	56
2020.08.12	10:07:39.565			81.60	100.00000000	56
2020.08.12	10:07:39.565			81.60	100.00000000	56
2020.08.12	10:07:39.565			81.60	200.00000000	56
2020.08.12	10:07:39.565			81.61	200.00000000	56
2020.08.12	10:07:39.565			81.61	100.00000000	56
2020.08.12	10:07:39.565		81.62			4
2020.08.12	10:07:39.566			81.62	100.00000000	56
2020.08.12	10:07:39.566		81.64			4
2020.08.12	10:07:39.566		81.66			4
2020.08.12	10:07:39.566	81.53				2
2020.08.12	10:07:39.567		81.68			4
2020.08.12	10:07:39.567		81.67			4
2020.08.12	10:07:39.655	81.55				2
2020.08.12	10:07:39.656		81.68			4
2020.08.12	10:07:39.660	81.59				2
2020.08.12	10:07:39.783	81.67				2
2020.08.12	10:07:39.784		81.69			4
2020.08.12	10:07:39.785			81.67	100.00000000	88
2020.08.12	10:07:39.785	81.60				2
2020.08.12	10:07:39.785	81.67				2
2020.08.12	10:07:39.786		81.68			4
2020.08.12	10:07:39.791		81.69			4
2020.08.12	10:07:39.791	81.68				2
2020.08.12	10:07:39.826			81.68	100.00000000	88
2020.08.12	10:07:39.826	81.67				2
2020.08.12	10:07:39.836			81.67	100.00000000	88
2020.08.12	10:07:39.836	81.61				2
2020.08.12	10:07:39.837		81.68			4
2020.08.12	10:07:39.838	81.59				2
2020.08.12	10:07:39.866			81.68	100.00000000	56
2020.08.12	10:07:39.866	81.56				2
2020.08.12	10:07:39.895		81.67			4
2020.08.12	10:07:39.896	81.53				2
2020.08.12	10:07:39.897	81.52				2
2020.08.12	10:07:39.897	81.50				2
2020.08.12	10:07:39.898	81.49				2
2020.08.12	10:07:39.899	81.46				2
2020.08.12	10:07:39.899	81.42				2
2020.08.12	10:07:39.900	81.43				2
2020.08.12	10:07:39.918			81.67	100.00000000	56
2020.08.12	10:07:39.918		81.68			4
2020.08.12	10:07:39.919	81.44				2
2020.08.12	10:07:39.934			81.68	100.00000000	56
2020.08.12	10:07:39.936			81.68	100.00000000	56
2020.08.12	10:07:39.936		81.69			4
2020.08.12	10:07:39.937	81.45				2
2020.08.12	10:07:39.938	81.46				2
2020.08.12	10:07:39.940			81.69	100.00000000	56
2020.08.12	10:07:39.999	81.47				2
2020.08.12	10:07:40.075	81.68				2
2020.08.12	10:07:40.076			81.68	200.00000000	88
2020.08.12	10:07:40.076	81.47				2
2020.08.12	10:07:40.076	81.61				2
2020.08.12	10:07:40.077	81.49				2
2020.08.12	10:07:40.077		81.68			4
2020.08.12	10:07:40.077	81.50				2
2020.08.12	10:07:40.176		81.67			4
2020.08.12	10:07:40.177	81.49				2
2020.08.12	10:07:40.177	81.51				2
2020.08.12	10:07:40.178	81.52				2
2020.08.12	10:07:42.244		81.68			4
2020.08.12	10:07:43.487	81.53				2
2020.08.12	10:07:43.588			81.68	100.00000000	56
2020.08.12	10:07:43.588			81.69	400.00000000	56
2020.08.12	10:07:43.588		81.69			4
2020.08.12	10:07:43.589	81.54				2
2020.08.12	10:07:43.590	81.55				2
2020.08.12	10:07:43.669		81.67			4
2020.08.12	10:07:46.007			81.67	100.00000000	56
2020.08.12	10:07:46.007		81.68			4
2020.08.12	10:07:46.008	81.56				2
2020.08.12	10:07:46.008		81.69			4
2020.08.12	10:07:46.009	81.57				2
2020.08.12	10:07:46.010	81.58				2
2020.08.12	10:07:46.011	81.59				2
2020.08.12	10:07:48.436			81.59	100.00000000	88
2020.08.12	10:07:48.436			81.59	100.00000000	88
2020.08.12	10:07:48.436			81.59	100.00000000	88
2020.08.12	10:07:48.436			81.59	100.00000000	88
2020.08.12	10:07:48.436			81.58	100.00000000	88
2020.08.12	10:07:48.436	81.58				2
2020.08.12	10:07:48.437		81.68			4
2020.08.12	10:07:48.653			81.68	100.00000000	56
2020.08.12	10:07:48.654		81.69			4
2020.08.12	10:07:49.327			81.58	100.00000000	88
2020.08.12	10:07:49.328		81.68			4
2020.08.12	10:07:49.329	81.57				2
2020.08.12	10:07:49.329		81.67			4
2020.08.12	10:07:49.330	81.56				2
2020.08.12	10:07:49.331	81.55				2
2020.08.12	10:07:49.332	81.54				2
2020.08.12	10:07:51.357			81.54	100.00000000	88
2020.08.12	10:07:51.357			81.54	100.00000000	88
2020.08.12	10:07:51.357			81.53	100.00000000	88
2020.08.12	10:07:51.357			81.53	400.00000000	88
2020.08.12	10:07:51.357			81.53	100.00000000	88
2020.08.12	10:07:51.357			81.52	500.00000000	88
2020.08.12	10:07:51.357			81.52	100.00000000	88
2020.08.12	10:07:51.357			81.51	100.00000000	88
2020.08.12	10:07:51.357			81.51	100.00000000	88
2020.08.12	10:07:51.357			81.50	100.00000000	88
2020.08.12	10:07:51.357			81.50	100.00000000	88
2020.08.12	10:07:51.357			81.49	500.00000000	88
2020.08.12	10:07:51.357			81.49	100.00000000	88
2020.08.12	10:07:51.357			81.48	100.00000000	88
2020.08.12	10:07:51.357			81.47	100.00000000	88
2020.08.12	10:07:51.357			81.47	100.00000000	88
2020.08.12	10:07:51.357			81.47	100.00000000	88
2020.08.12	10:07:51.357			81.47	400.00000000	88
2020.08.12	10:07:51.357			81.46	500.00000000	88
2020.08.12	10:07:51.357			81.46	100.00000000	88
2020.08.12	10:07:51.357			81.46	400.00000000	88
2020.08.12	10:07:51.357			81.45	100.00000000	88
2020.08.12	10:07:51.357			81.45	100.00000000	88
2020.08.12	10:07:51.357			81.45	200.00000000	88
2020.08.12	10:07:51.357			81.45	100.00000000	88
2020.08.12	10:07:51.357			81.44	100.00000000	88
2020.08.12	10:07:51.357			81.44	100.00000000	88
2020.08.12	10:07:51.357	81.44				2
2020.08.12	10:07:51.359		81.66			4
2020.08.12	10:07:51.359	81.46				2
2020.08.12	10:07:51.360		81.65			4
2020.08.12	10:07:51.362			81.46	100.00000000	88
2020.08.12	10:07:51.362			81.44	100.00000000	88
2020.08.12	10:07:51.362	81.42	81.43			6
2020.08.12	10:07:51.363			81.43	1800.00000000	56
2020.08.12	10:07:51.363	81.41				2
2020.08.12	10:07:51.363		81.65			4
2020.08.12	10:07:51.363		81.49			4
2020.08.12	10:07:51.364		81.65			4
2020.08.12	10:07:51.364	81.40				2
2020.08.12	10:07:51.364	81.42				2
2020.08.12	10:07:51.365		81.64			4
2020.08.12	10:07:51.464		81.63			4
2020.08.12	10:07:51.465		81.62			4
2020.08.12	10:07:51.466		81.61			4
2020.08.12	10:07:51.490	81.54				2
2020.08.12	10:07:51.492			81.61	100.00000000	56
2020.08.12	10:07:51.492			81.61	100.00000000	56
2020.08.12	10:07:51.492		81.62			4
2020.08.12	10:07:51.494		81.63			4
2020.08.12	10:07:51.494			81.63	100.00000000	56
2020.08.12	10:07:51.495		81.64			4
2020.08.12	10:07:51.616	81.51				2
2020.08.12	10:07:51.617	81.49				2
2020.08.12	10:07:51.621		81.63			4
2020.08.12	10:07:51.742			81.63	100.00000000	56
2020.08.12	10:07:51.742	81.47				2
2020.08.12	10:07:51.743		81.62			4
2020.08.12	10:07:51.868		81.61			4
2020.08.12	10:07:51.890	81.45				2
2020.08.12	10:07:52.117	81.46				2
2020.08.12	10:07:52.820			81.46	100.00000000	88
2020.08.12	10:07:52.820			81.46	100.00000000	88
2020.08.12	10:07:52.820			81.45	100.00000000	88
2020.08.12	10:07:52.820			81.44	200.00000000	88
2020.08.12	10:07:52.820	81.44				2
2020.08.12	10:07:52.822		81.60			4
2020.08.12	10:07:52.822	81.43				2
2020.08.12	10:07:52.823		81.59			4
2020.08.12	10:07:52.823	81.42				2
2020.08.12	10:07:52.824		81.58			4
2020.08.12	10:07:52.824	81.43				2
2020.08.12	10:07:52.825		81.57			4
2020.08.12	10:07:52.825	81.42				2
2020.08.12	10:07:52.828		81.56			4
2020.08.12	10:07:52.828		81.55			4
2020.08.12	10:07:52.831		81.54			4
2020.08.12	10:07:53.575		81.53			4
2020.08.12	10:07:53.577		81.52			4
2020.08.12	10:07:53.588			81.42	100.00000000	88
2020.08.12	10:07:53.588			81.42	100.00000000	88
2020.08.12	10:07:53.588			81.41	300.00000000	88
2020.08.12	10:07:53.588	81.41				2
2020.08.12	10:07:53.590	81.40				2
2020.08.12	10:07:54.526			81.52	100.00000000	56
2020.08.12	10:07:56.809			81.52	100.00000000	56
2020.08.12	10:07:56.810	81.41				2
2020.08.12	10:07:56.812	81.40				2
2020.08.12	10:07:56.979			81.52	100.00000000	56
2020.08.12	10:07:56.980	81.41				2
2020.08.12	10:07:56.994	81.40				2
2020.08.12	10:08:00.284			81.52	100.00000000	56
2020.08.12	10:08:00.284	81.40				2
2020.08.12	10:08:00.386		81.51			4
2020.08.12	10:08:00.397		81.50			4
2020.08.12	10:08:00.469		81.49			4
2020.08.12	10:08:00.471		81.48			4
2020.08.12	10:08:00.901		81.47			4
2020.08.12	10:08:00.903		81.49			4
2020.08.12	10:08:00.904		81.46			4
2020.08.12	10:08:01.451			81.46	500.00000000	56
2020.08.12	10:08:01.451			81.48	100.00000000	56
2020.08.12	10:08:01.451			81.49	100.00000000	56
2020.08.12	10:08:01.451			81.49	100.00000000	56
2020.08.12	10:08:01.451			81.50	100.00000000	56
2020.08.12	10:08:01.451			81.51	100.00000000	56
2020.08.12	10:08:01.451			81.51	100.00000000	56
2020.08.12	10:08:01.451			81.51	100.00000000	56
2020.08.12	10:08:01.451			81.52	100.00000000	56
2020.08.12	10:08:01.451			81.52	100.00000000	56
2020.08.12	10:08:01.451			81.53	400.00000000	56
2020.08.12	10:08:01.451			81.53	100.00000000	56
2020.08.12	10:08:01.451			81.53	100.00000000	56
2020.08.12	10:08:01.451			81.54	100.00000000	56
2020.08.12	10:08:01.451			81.54	100.00000000	56
2020.08.12	10:08:01.451			81.55	100.00000000	56
2020.08.12	10:08:01.451			81.55	100.00000000	56
2020.08.12	10:08:01.451			81.55	100.00000000	56
2020.08.12	10:08:01.451			81.57	100.00000000	56
2020.08.12	10:08:01.451			81.57	100.00000000	56
2020.08.12	10:08:01.451			81.57	100.00000000	56
2020.08.12	10:08:01.451			81.57	100.00000000	56
2020.08.12	10:08:01.451			81.58	100.00000000	56
2020.08.12	10:08:01.451		81.58			4
2020.08.12	10:08:01.453	81.41				2
2020.08.12	10:08:01.453		81.59			4
2020.08.12	10:08:01.453		81.56			4
2020.08.12	10:08:01.472		81.57			4
2020.08.12	10:08:01.473		81.58			4
2020.08.12	10:08:01.504		81.57			4
2020.08.12	10:08:01.533		81.50			4
2020.08.12	10:08:02.041			81.50	100.00000000	56
2020.08.12	10:08:02.041		81.54			4
2020.08.12	10:08:02.042		81.53			4
2020.08.12	10:08:02.042	81.42				2
2020.08.12	10:08:02.943			81.53	500.00000000	56
2020.08.12	10:08:02.943			81.54	100.00000000	56
2020.08.12	10:08:02.943			81.54	100.00000000	56
2020.08.12	10:08:02.943			81.55	100.00000000	56
2020.08.12	10:08:02.943			81.56	100.00000000	56
2020.08.12	10:08:02.943			81.56	100.00000000	56
2020.08.12	10:08:02.943			81.57	100.00000000	56
2020.08.12	10:08:02.943			81.58	100.00000000	56
2020.08.12	10:08:02.943			81.59	100.00000000	56
2020.08.12	10:08:02.943			81.59	100.00000000	56
2020.08.12	10:08:02.943			81.60	100.00000000	56
2020.08.12	10:08:02.943			81.60	100.00000000	56
2020.08.12	10:08:02.943			81.60	200.00000000	56
2020.08.12	10:08:02.943			81.60	200.00000000	56
2020.08.12	10:08:02.943		81.60			4
2020.08.12	10:08:02.944	81.43				2
2020.08.12	10:08:02.945		81.59			4
2020.08.12	10:08:02.945	81.44				2
2020.08.12	10:08:02.947	81.45				2
2020.08.12	10:08:05.464		81.52			4
2020.08.12	10:08:05.464	81.44				2
2020.08.12	10:08:05.466		81.51			4
2020.08.12	10:08:05.467	81.43				2
2020.08.12	10:08:05.468	81.42				2
2020.08.12	10:08:05.504	81.41				2
2020.08.12	10:08:05.613	81.40				2
2020.08.12	10:08:05.615		81.50			4
2020.08.12	10:08:05.616		81.51			4
2020.08.12	10:08:05.617		81.50			4
2020.08.12	10:08:05.808			81.50	500.00000000	56
2020.08.12	10:08:05.808			81.51	100.00000000	56
2020.08.12	10:08:05.808			81.52	100.00000000	56
2020.08.12	10:08:05.808			81.52	100.00000000	56
2020.08.12	10:08:05.808			81.52	100.00000000	56
2020.08.12	10:08:05.808			81.53	100.00000000	56
2020.08.12	10:08:05.808		81.54			4
2020.08.12	10:08:05.809		81.56			4
2020.08.12	10:08:05.809		81.53			4
2020.08.12	10:08:05.809	81.41				2
2020.08.12	10:08:06.462			81.41	100.00000000	88
2020.08.12	10:08:06.463		81.52			4
2020.08.12	10:08:06.465		81.51			4
2020.08.12	10:08:06.468	81.40				2
2020.08.12	10:08:07.109			81.51	200.00000000	56
2020.08.12	10:08:08.727	81.41				2
2020.08.12	10:08:08.828			81.51	300.00000000	56
2020.08.12	10:08:08.828			81.52	200.00000000	56
2020.08.12	10:08:08.828		81.52			4
2020.08.12	10:08:08.829	81.42				2
2020.08.12	10:08:08.830		81.53			4
2020.08.12	10:08:08.830		81.54			4
2020.08.12	10:08:08.831		81.55			4
2020.08.12	10:08:08.833		81.56			4
2020.08.12	10:08:08.833		81.57			4
2020.08.12	10:08:08.833		81.58			4
2020.08.12	10:08:08.834		81.59			4
2020.08.12	10:08:08.834		81.57			4
2020.08.12	10:08:08.835	81.43				2
2020.08.12	10:08:08.836		81.58			4
2020.08.12	10:08:08.836	81.44				2
2020.08.12	10:08:08.837		81.57			4
2020.08.12	10:08:08.838	81.43				2
2020.08.12	10:08:08.942		81.56			4
2020.08.12	10:08:08.944	81.42				2
2020.08.12	10:08:08.944		81.55			4
2020.08.12	10:08:09.014	81.53				2
2020.08.12	10:08:09.015			81.53	100.00000000	120
2020.08.12	10:08:09.015	81.42				2
2020.08.12	10:08:09.016			81.55	500.00000000	56
2020.08.12	10:08:09.016		81.57			4
2020.08.12	10:08:09.016		81.59			4
2020.08.12	10:08:09.016	81.46				2
2020.08.12	10:08:09.016		81.54			4
2020.08.12	10:08:09.018		81.59			4
2020.08.12	10:08:09.254		81.52			4
2020.08.12	10:08:09.255	81.44				2
2020.08.12	10:08:09.256	81.43				2
2020.08.12	10:08:09.599			81.52	600.00000000	56
2020.08.12	10:08:09.599	81.52	81.57			6
2020.08.12	10:08:09.600		81.58			4
2020.08.12	10:08:09.601		81.59			4
2020.08.12	10:08:09.602		81.60			4
2020.08.12	10:08:09.603		81.61			4
2020.08.12	10:08:10.596	81.60				2
2020.08.12	10:08:10.597		81.63			4
2020.08.12	10:08:10.598			81.60	500.00000000	88
2020.08.12	10:08:10.598	81.52				2
2020.08.12	10:08:10.598	81.54				2
2020.08.12	10:08:10.599	81.52				2
2020.08.12	10:08:10.599		81.62			4
2020.08.12	10:08:10.800	81.53				2
2020.08.12	10:08:10.802	81.54				2
2020.08.12	10:08:10.802		81.63			4
2020.08.12	10:08:11.075			81.54	100.00000000	88
2020.08.12	10:08:11.076	81.53				2
2020.08.12	10:08:11.550			81.63	100.00000000	56
2020.08.12	10:08:11.551	81.54				2
2020.08.12	10:08:13.004			81.63	100.00000000	56
2020.08.12	10:08:13.661			81.54	100.00000000	88
2020.08.12	10:08:13.661			81.54	100.00000000	88
2020.08.12	10:08:13.664	81.53				2
2020.08.12	10:08:13.762			81.53	700.00000000	88
2020.08.12	10:08:13.763		81.62			4
2020.08.12	10:08:14.791		81.60			4
2020.08.12	10:08:14.880			81.60	100.00000000	56
2020.08.12	10:08:14.880			81.61	200.00000000	56
2020.08.12	10:08:14.880		81.61			4
2020.08.12	10:08:14.882		81.62			4
2020.08.12	10:08:14.883		81.63			4
2020.08.12	10:08:14.883		81.62			4
2020.08.12	10:08:14.884		81.63			4
2020.08.12	10:08:15.548			81.53	400.00000000	88
2020.08.12	10:08:15.549		81.62			4
2020.08.12	10:08:17.435		81.63			4
2020.08.12	10:08:17.739			81.53	900.00000000	88
2020.08.12	10:08:17.739			81.53	200.00000000	88
2020.08.12	10:08:17.739			81.53	100.00000000	88
2020.08.12	10:08:17.739			81.53	1000.00000000	88
2020.08.12	10:08:17.739			81.53	100.00000000	88
2020.08.12	10:08:17.739			81.52	400.00000000	88
2020.08.12	10:08:17.739			81.52	100.00000000	88
2020.08.12	10:08:17.739			81.51	100.00000000	88
2020.08.12	10:08:17.739			81.51	200.00000000	88
2020.08.12	10:08:17.739			81.51	100.00000000	88
2020.08.12	10:08:17.739			81.50	100.00000000	88
2020.08.12	10:08:17.739			81.50	1700.00000000	88
2020.08.12	10:08:17.739	81.50				2
2020.08.12	10:08:17.740		81.62			4
2020.08.12	10:08:17.743		81.61			4
2020.08.12	10:08:17.744		81.60			4
2020.08.12	10:08:18.220			81.50	300.00000000	88
2020.08.12	10:08:18.220			81.47	100.00000000	88
2020.08.12	10:08:18.220			81.47	400.00000000	88
2020.08.12	10:08:18.220			81.46	100.00000000	88
2020.08.12	10:08:18.220			81.46	100.00000000	88
2020.08.12	10:08:18.220			81.46	100.00000000	88
2020.08.12	10:08:18.220			81.45	100.00000000	88
2020.08.12	10:08:18.220			81.45	100.00000000	88
2020.08.12	10:08:18.220			81.45	100.00000000	88
2020.08.12	10:08:18.220	81.45				2
2020.08.12	10:08:18.221	81.44				2
2020.08.12	10:08:18.222		81.59			4
2020.08.12	10:08:18.223		81.58			4
2020.08.12	10:08:18.223	81.43				2
2020.08.12	10:08:18.260			81.43	100.00000000	88
2020.08.12	10:08:18.260			81.42	100.00000000	88
2020.08.12	10:08:18.260			81.42	100.00000000	88
2020.08.12	10:08:18.260			81.42	400.00000000	88
2020.08.12	10:08:18.260			81.41	100.00000000	88
2020.08.12	10:08:18.260			81.40	600.00000000	88
2020.08.12	10:08:18.260			81.40	500.00000000	88
2020.08.12	10:08:18.260			81.40	100.00000000	88
2020.08.12	10:08:18.260			81.40	100.00000000	88
2020.08.12	10:08:18.260			81.39	100.00000000	88
2020.08.12	10:08:18.260			81.39	100.00000000	88
2020.08.12	10:08:18.260			81.39	100.00000000	88
2020.08.12	10:08:18.260			81.39	100.00000000	88
2020.08.12	10:08:18.260			81.38	100.00000000	88
2020.08.12	10:08:18.260			81.38	100.00000000	88
2020.08.12	10:08:18.260			81.38	100.00000000	88
2020.08.12	10:08:18.260			81.37	100.00000000	88
2020.08.12	10:08:18.260			81.37	100.00000000	88
2020.08.12	10:08:18.260			81.37	100.00000000	88
2020.08.12	10:08:18.260			81.36	100.00000000	88
2020.08.12	10:08:18.260			81.36	100.00000000	88
2020.08.12	10:08:18.260			81.35	100.00000000	88
2020.08.12	10:08:18.260			81.35	100.00000000	88
2020.08.12	10:08:18.260			81.35	100.00000000	88
2020.08.12	10:08:18.260			81.34	2300.00000000	88
2020.08.12	10:08:18.260			81.34	200.00000000	88
2020.08.12	10:08:18.260			81.34	100.00000000	88
2020.08.12	10:08:18.260			81.34	100.00000000	88
2020.08.12	10:08:18.260			81.33	100.00000000	88
2020.08.12	10:08:18.260			81.33	100.00000000	88
2020.08.12	10:08:18.260			81.33	100.00000000	88
2020.08.12	10:08:18.260			81.32	100.00000000	88
2020.08.12	10:08:18.260			81.32	100.00000000	88
2020.08.12	10:08:18.260			81.32	100.00000000	88
2020.08.12	10:08:18.261			81.32	100.00000000	88
2020.08.12	10:08:18.261			81.31	100.00000000	88
2020.08.12	10:08:18.261			81.31	100.00000000	88
2020.08.12	10:08:18.261			81.31	100.00000000	88
2020.08.12	10:08:18.261			81.31	100.00000000	88
2020.08.12	10:08:18.261	81.30	81.31			6
2020.08.12	10:08:18.261			81.30	300.00000000	88
2020.08.12	10:08:18.261			81.30	400.00000000	88
2020.08.12	10:08:18.261			81.30	100.00000000	88
2020.08.12	10:08:18.261			81.30	100.00000000	88
2020.08.12	10:08:18.261			81.30	100.00000000	88
2020.08.12	10:08:18.261			81.30	100.00000000	88
2020.08.12	10:08:18.261			81.29	100.00000000	88
2020.08.12	10:08:18.261			81.29	100.00000000	88
2020.08.12	10:08:18.261	81.29				2
2020.08.12	10:08:18.262			81.31	100.00000000	56
2020.08.12	10:08:18.262			81.31	200.00000000	56
2020.08.12	10:08:18.263			81.31	4300.00000000	56
2020.08.12	10:08:18.263		81.36			4
2020.08.12	10:08:18.264			81.36	100.00000000	56
2020.08.12	10:08:18.264		81.57			4
2020.08.12	10:08:18.264		81.34			4
2020.08.12	10:08:18.267		81.57			4
2020.08.12	10:08:18.269		81.55			4
2020.08.12	10:08:18.269	81.30				2
2020.08.12	10:08:18.269		81.54			4
2020.08.12	10:08:18.270		81.52			4
2020.08.12	10:08:18.271		81.53			4
2020.08.12	10:08:18.271		81.54			4
2020.08.12	10:08:18.390		81.53			4
2020.08.12	10:08:18.392		81.52			4
2020.08.12	10:08:18.393		81.51			4
2020.08.12	10:08:18.395		81.50			4
2020.08.12	10:08:18.396		81.49			4
2020.08.12	10:08:18.399		81.48			4
2020.08.12	10:08:18.400		81.47			4
2020.08.12	10:08:18.402		81.46			4
2020.08.12	10:08:18.403		81.45			4
2020.08.12	10:08:18.406		81.44			4
2020.08.12	10:08:18.407		81.43			4
2020.08.12	10:08:18.453		81.42			4
2020.08.12	10:08:18.454		81.41			4
2020.08.12	10:08:18.495	81.31				2
2020.08.12	10:08:18.496		81.42			4
2020.08.12	10:08:18.497	81.32				2
2020.08.12	10:08:18.497		81.43			4
2020.08.12	10:08:18.498		81.44			4
2020.08.12	10:08:18.498		81.45			4
2020.08.12	10:08:18.502		81.46			4
2020.08.12	10:08:18.503		81.47			4
2020.08.12	10:08:18.503		81.46			4
2020.08.12	10:08:18.504		81.47			4
2020.08.12	10:08:18.557	81.33				2
2020.08.12	10:08:18.559	81.34				2
2020.08.12	10:08:18.987	81.41				2
2020.08.12	10:08:18.995		81.48			4
2020.08.12	10:08:19.042		81.45			4
2020.08.12	10:08:19.247			81.45	500.00000000	56
2020.08.12	10:08:19.247		81.47			4
2020.08.12	10:08:19.247		81.48			4
2020.08.12	10:08:19.248	81.42				2
2020.08.12	10:08:19.249		81.49			4
2020.08.12	10:08:19.250		81.50			4
2020.08.12	10:08:19.250		81.51			4
2020.08.12	10:08:19.251		81.52			4
2020.08.12	10:08:19.252		81.53			4
2020.08.12	10:08:19.263	81.51				2
2020.08.12	10:08:19.264		81.54			4
2020.08.12	10:08:19.264			81.51	100.00000000	88
2020.08.12	10:08:19.264	81.44				2
2020.08.12	10:08:19.265		81.55			4
2020.08.12	10:08:19.265		81.56			4
2020.08.12	10:08:19.265	81.43				2
2020.08.12	10:08:19.265	81.45				2
2020.08.12	10:08:19.266		81.53			4
2020.08.12	10:08:19.278			81.53	100.00000000	56
2020.08.12	10:08:19.278		81.56			4
2020.08.12	10:08:19.367		81.55			4
2020.08.12	10:08:19.408			81.55	100.00000000	56
2020.08.12	10:08:19.408		81.56			4
2020.08.12	10:08:19.534		81.55			4
2020.08.12	10:08:19.901		81.54			4
2020.08.12	10:08:19.902		81.53			4
2020.08.12	10:08:19.955	81.50				2
2020.08.12	10:08:19.956		81.54			4
2020.08.12	10:08:19.957		81.55			4
2020.08.12	10:08:19.975		81.56			4
2020.08.12	10:08:21.280		81.55			4
2020.08.12	10:08:22.267			81.50	200.00000000	88
2020.08.12	10:08:22.267			81.50	200.00000000	88
2020.08.12	10:08:22.267	81.45	81.50			6
2020.08.12	10:08:22.268	81.44				2
2020.08.12	10:08:22.269	81.43				2
2020.08.12	10:08:22.270	81.41				2
2020.08.12	10:08:22.270		81.49			4
2020.08.12	10:08:23.635			81.41	200.00000000	88
2020.08.12	10:08:23.635	81.36				2
2020.08.12	10:08:23.638	81.35				2
2020.08.12	10:08:23.638		81.48			4
2020.08.12	10:08:23.645		81.47			4
2020.08.12	10:08:23.646	81.30				2
2020.08.12	10:08:23.646	81.32				2
2020.08.12	10:08:23.648	81.30				2
2020.08.12	10:08:23.648		81.46			4
2020.08.12	10:08:23.648	81.32				2
2020.08.12	10:08:23.649		81.45			4
2020.08.12	10:08:23.650	81.30				2
2020.08.12	10:08:23.655		81.44			4
2020.08.12	10:08:23.656		81.43			4
2020.08.12	10:08:23.688		81.42			4
2020.08.12	10:08:23.688		81.41			4
2020.08.12	10:08:23.901		81.40			4
2020.08.12	10:08:23.903		81.39			4
2020.08.12	10:08:23.903	81.28				2
2020.08.12	10:08:23.905		81.38			4
2020.08.12	10:08:23.907		81.37			4
2020.08.12	10:08:23.907	81.27				2
2020.08.12	10:08:23.910		81.39			4
2020.08.12	10:08:24.101		81.38			4
2020.08.12	10:08:24.102		81.37			4
2020.08.12	10:08:24.173		81.36			4
2020.08.12	10:08:24.484		81.38			4
2020.08.12	10:08:24.485		81.39			4
2020.08.12	10:08:24.571		81.38			4
2020.08.12	10:08:24.592		81.37			4
2020.08.12	10:08:24.594		81.39			4
2020.08.12	10:08:24.802		81.38			4
2020.08.12	10:08:24.802		81.37			4
2020.08.12	10:08:24.901		81.36			4
2020.08.12	10:08:25.827			81.36	200.00000000	56
2020.08.12	10:08:25.827			81.27	100.00000000	88
2020.08.12	10:08:25.827			81.26	200.00000000	88
2020.08.12	10:08:25.827	81.26				2
2020.08.12	10:08:25.860			81.36	200.00000000	56
2020.08.12	10:08:26.167			81.36	100.00000000	56
2020.08.12	10:08:26.167			81.38	100.00000000	56
2020.08.12	10:08:26.167		81.39			4
2020.08.12	10:08:26.168	81.27				2
2020.08.12	10:08:26.403	81.28				2
2020.08.12	10:08:26.404		81.40			4
2020.08.12	10:08:26.707			81.40	100.00000000	56
2020.08.12	10:08:26.707			81.41	100.00000000	56
2020.08.12	10:08:26.707			81.41	300.00000000	56
2020.08.12	10:08:26.707		81.41			4
2020.08.12	10:08:26.708	81.29				2
2020.08.12	10:08:26.709		81.42			4
2020.08.12	10:08:26.709		81.43			4
2020.08.12	10:08:26.710	81.30				2
2020.08.12	10:08:26.713	81.31				2
2020.08.12	10:08:26.714	81.30				2
2020.08.12	10:08:26.714	81.32				2
2020.08.12	10:08:27.216			81.43	100.00000000	56
2020.08.12	10:08:27.216		81.44			4
2020.08.12	10:08:27.343	81.37				2
2020.08.12	10:08:27.345		81.45			4
2020.08.12	10:08:27.345		81.46			4
2020.08.12	10:08:27.346		81.47			4
2020.08.12	10:08:27.346	81.38				2
2020.08.12	10:08:27.348		81.48			4
2020.08.12	10:08:27.391			81.38	500.00000000	88
2020.08.12	10:08:27.391	81.37	81.38			6
2020.08.12	10:08:27.392			81.38	500.00000000	56
2020.08.12	10:08:27.392		81.48			4
2020.08.12	10:08:27.392		81.43			4
2020.08.12	10:08:27.393		81.44			4
2020.08.12	10:08:27.394		81.46			4
2020.08.12	10:08:27.394		81.45			4
2020.08.12	10:08:27.404		81.46			4
2020.08.12	10:08:27.404		81.47			4
2020.08.12	10:08:27.405		81.48			4
2020.08.12	10:08:27.447		81.47			4
2020.08.12	10:08:27.933			81.47	100.00000000	56
2020.08.12	10:08:27.933			81.48	100.00000000	56
2020.08.12	10:08:27.933		81.48			4
2020.08.12	10:08:27.935	81.38				2
2020.08.12	10:08:28.001	81.37				2
2020.08.12	10:08:28.017		81.47			4
2020.08.12	10:08:28.060		81.46			4
2020.08.12	10:08:29.177			81.37	100.00000000	88
2020.08.12	10:08:29.261			81.46	100.00000000	56
2020.08.12	10:08:29.261			81.48	100.00000000	56
2020.08.12	10:08:29.261		81.49			4
2020.08.12	10:08:29.262		81.48			4
2020.08.12	10:08:29.387		81.47			4
2020.08.12	10:08:29.401		81.46			4
2020.08.12	10:08:29.402		81.45			4
2020.08.12	10:08:29.434			81.45	100.00000000	56
2020.08.12	10:08:29.434		81.46			4
2020.08.12	10:08:29.435		81.47			4
2020.08.12	10:08:29.975		81.46			4
2020.08.12	10:08:29.976		81.45			4
2020.08.12	10:08:30.101		81.44			4
2020.08.12	10:08:30.594		81.43			4
2020.08.12	10:08:30.629			81.37	100.00000000	88
2020.08.12	10:08:30.629	81.33	81.37			6
2020.08.12	10:08:30.635	81.32				2
2020.08.12	10:08:30.635	81.31				2
2020.08.12	10:08:30.639	81.29				2
2020.08.12	10:08:30.646		81.36			4
2020.08.12	10:08:30.664	81.27				2
2020.08.12	10:08:30.703	81.26				2
2020.08.12	10:08:30.706			81.26	100.00000000	88
2020.08.12	10:08:30.707		81.35			4
2020.08.12	10:08:30.708	81.25				2
2020.08.12	10:08:30.708		81.34			4
2020.08.12	10:08:31.021			81.34	500.00000000	56
2020.08.12	10:08:31.021	81.34	81.35			6
2020.08.12	10:08:31.022		81.37			4
2020.08.12	10:08:31.023		81.38			4
2020.08.12	10:08:31.024		81.39			4
2020.08.12	10:08:31.024		81.40			4
2020.08.12	10:08:31.041		81.41			4
2020.08.12	10:08:31.041		81.42			4
2020.08.12	10:08:31.042		81.43			4
2020.08.12	10:08:31.043		81.44			4
2020.08.12	10:08:31.044		81.45			4
2020.08.12	10:08:31.044		81.44			4
2020.08.12	10:08:35.665		81.38			4
2020.08.12	10:08:37.219		81.35			4
2020.08.12	10:08:37.220			81.34	2600.00000000	88
2020.08.12	10:08:37.221			81.34	1900.00000000	88
2020.08.12	10:08:37.221	81.29				2
2020.08.12	10:08:37.225	81.28				2
2020.08.12	10:08:37.227	81.26				2
2020.08.12	10:08:37.227	81.25				2
2020.08.12	10:08:37.229		81.34			4
2020.08.12	10:08:37.924			81.34	100.00000000	56
2020.08.12	10:08:37.924	81.34	81.35			6
2020.08.12	10:08:37.925			81.34	200.00000000	88
2020.08.12	10:08:37.925	81.25				2
2020.08.12	10:08:37.925	81.26				2
2020.08.12	10:08:38.157	81.34				2
2020.08.12	10:08:38.158			81.34	100.00000000	88
2020.08.12	10:08:38.158	81.26				2
2020.08.12	10:08:38.159		81.34			4
2020.08.12	10:08:38.160	81.25				2
2020.08.12	10:08:39.298		81.32			4
2020.08.12	10:08:40.378			81.32	100.00000000	56
2020.08.12	10:08:43.095			81.32	100.00000000	56
2020.08.12	10:08:43.095		81.33			4
2020.08.12	10:08:43.096	81.26				2
2020.08.12	10:08:43.097		81.34			4
2020.08.12	10:08:43.582			81.34	200.00000000	56
2020.08.12	10:08:43.584		81.35			4
2020.08.12	10:08:44.452	81.27				2
2020.08.12	10:08:44.455			81.35	700.00000000	56
2020.08.12	10:08:44.455			81.36	100.00000000	56
2020.08.12	10:08:44.455		81.37			4
2020.08.12	10:08:44.455	81.28				2
2020.08.12	10:08:44.455		81.38			4
2020.08.12	10:08:44.604	81.29				2
2020.08.12	10:08:44.604		81.39			4
2020.08.12	10:08:44.605	81.30				2
2020.08.12	10:08:46.139			81.39	100.00000000	56
2020.08.12	10:08:46.139			81.39	400.00000000	56
2020.08.12	10:08:46.139			81.40	100.00000000	56
2020.08.12	10:08:46.139			81.40	300.00000000	56
2020.08.12	10:08:46.139			81.40	1000.00000000	56
2020.08.12	10:08:46.139	81.40	81.41			6
2020.08.12	10:08:46.140		81.42			4
2020.08.12	10:08:46.140			81.42	100.00000000	56
2020.08.12	10:08:46.140			81.43	100.00000000	56
2020.08.12	10:08:46.140			81.43	100.00000000	56
2020.08.12	10:08:46.140			81.44	100.00000000	56
2020.08.12	10:08:46.140			81.44	500.00000000	56
2020.08.12	10:08:46.140			81.44	100.00000000	56
2020.08.12	10:08:46.140		81.45			4
2020.08.12	10:08:46.141			81.45	100.00000000	56
2020.08.12	10:08:46.141			81.45	100.00000000	56
2020.08.12	10:08:46.141			81.45	100.00000000	56
2020.08.12	10:08:46.141			81.45	100.00000000	56
2020.08.12	10:08:46.141		81.46			4
2020.08.12	10:08:46.143	81.41				2
2020.08.12	10:08:46.144			81.46	100.00000000	56
2020.08.12	10:08:46.144			81.47	100.00000000	56
2020.08.12	10:08:46.144		81.48			4
2020.08.12	10:08:46.144			81.48	500.00000000	56
2020.08.12	10:08:46.144			81.48	400.00000000	56
2020.08.12	10:08:46.144		81.49			4
2020.08.12	10:08:46.150		81.50			4
2020.08.12	10:08:46.152		81.49			4
2020.08.12	10:08:46.153	81.42				2
2020.08.12	10:08:46.154	81.41				2
2020.08.12	10:08:46.154		81.50			4
2020.08.12	10:08:46.154	81.40				2
2020.08.12	10:08:46.155	81.42				2
2020.08.12	10:08:48.244			81.42	100.00000000	88
2020.08.12	10:08:49.119	81.45				2
2020.08.12	10:08:49.122			81.50	100.00000000	56
2020.08.12	10:08:49.122			81.50	200.00000000	56
2020.08.12	10:08:49.122		81.51			4
2020.08.12	10:08:49.122	81.46				2
2020.08.12	10:08:49.123		81.52			4
2020.08.12	10:08:49.124			81.52	600.00000000	56
2020.08.12	10:08:49.124		81.54			4
2020.08.12	10:08:49.149			81.54	100.00000000	56
2020.08.12	10:08:49.971	81.50				2
2020.08.12	10:08:49.972			81.54	400.00000000	56
2020.08.12	10:08:49.972	81.51				2
2020.08.12	10:08:49.974			81.54	1000.00000000	56
2020.08.12	10:08:49.974		81.57			4
2020.08.12	10:08:49.974	81.50				2
2020.08.12	10:08:50.173	81.51				2
2020.08.12	10:08:50.771			81.57	300.00000000	56
2020.08.12	10:08:50.771		81.59			4
2020.08.12	10:08:51.748			81.59	100.00000000	56
2020.08.12	10:08:51.748			81.59	300.00000000	56
2020.08.12	10:08:51.748			81.60	600.00000000	56
2020.08.12	10:08:51.748		81.60			4
2020.08.12	10:08:53.845			81.51	500.00000000	88
2020.08.12	10:08:53.846		81.59			4
2020.08.12	10:08:53.850	81.50				2
2020.08.12	10:08:54.467		81.54			4
2020.08.12	10:08:56.347		81.51			4
2020.08.12	10:08:56.670			81.50	500.00000000	88
2020.08.12	10:08:56.670			81.50	100.00000000	88
2020.08.12	10:08:56.670			81.50	100.00000000	88
2020.08.12	10:08:56.670			81.50	200.00000000	88
2020.08.12	10:08:56.670	81.45	81.50			6
2020.08.12	10:08:57.171			81.45	100.00000000	88
2020.08.12	10:08:57.171			81.41	100.00000000	88
2020.08.12	10:08:57.171	81.41				2
2020.08.12	10:08:57.173		81.49			4
2020.08.12	10:08:57.173	81.40				2
2020.08.12	10:08:57.267			81.40	100.00000000	88
2020.08.12	10:08:58.230			81.49	100.00000000	56
2020.08.12	10:08:58.230			81.49	100.00000000	56
2020.08.12	10:08:58.230			81.50	300.00000000	56
2020.08.12	10:08:58.230		81.50			4
2020.08.12	10:08:58.231	81.41				2
2020.08.12	10:08:59.203		81.49			4
2020.08.12	10:09:00.065	81.41				2
2020.08.12	10:09:01.219	81.40				2
2020.08.12	10:09:02.645			81.49	100.00000000	56
2020.08.12	10:09:02.645	81.49	81.50			6
2020.08.12	10:09:02.647			81.49	100.00000000	88
2020.08.12	10:09:02.647			81.49	1000.00000000	88
2020.08.12	10:09:02.647	81.42				2
2020.08.12	10:09:02.648	81.41				2
2020.08.12	10:09:02.650	81.42				2
2020.08.12	10:09:06.077		81.49			4
2020.08.12	10:09:06.077	81.41				2
2020.08.12	10:09:06.781			81.49	100.00000000	56
2020.08.12	10:09:06.781		81.50			4
2020.08.12	10:09:06.782	81.42				2
2020.08.12	10:09:07.275		81.49			4
2020.08.12	10:09:07.310		81.48			4
2020.08.12	10:09:07.320	81.41				2
2020.08.12	10:09:07.415			81.41	200.00000000	88
2020.08.12	10:09:07.416	81.40				2
2020.08.12	10:09:08.670			81.40	200.00000000	88
2020.08.12	10:09:08.926		81.41			4
2020.08.12	10:09:08.963			81.40	200.00000000	88
2020.08.12	10:09:09.657			81.41	200.00000000	56
2020.08.12	10:09:09.657	81.43	81.45			6
2020.08.12	10:09:09.658		81.47			4
2020.08.12	10:09:09.659			81.47	100.00000000	56
2020.08.12	10:09:09.659		81.48			4
2020.08.12	10:09:09.660		81.49			4
2020.08.12	10:09:09.660	81.44				2
2020.08.12	10:09:09.660			81.49	100.00000000	56
2020.08.12	10:09:09.660		81.50			4
2020.08.12	10:09:09.662	81.45				2
2020.08.12	10:09:09.663			81.50	500.00000000	56
2020.08.12	10:09:09.663			81.50	200.00000000	56
2020.08.12	10:09:09.663			81.50	800.00000000	56
2020.08.12	10:09:09.664			81.50	100.00000000	56
2020.08.12	10:09:09.664			81.50	100.00000000	56
2020.08.12	10:09:09.664			81.50	100.00000000	56
2020.08.12	10:09:09.664		81.51			4
2020.08.12	10:09:09.664			81.51	700.00000000	56
2020.08.12	10:09:09.664		81.54			4
2020.08.12	10:09:09.665	81.46				2
2020.08.12	10:09:09.666	81.47				2
2020.08.12	10:09:09.667			81.54	100.00000000	56
2020.08.12	10:09:09.668		81.57			4
2020.08.12	10:09:09.679	81.48				2
2020.08.12	10:09:09.681		81.58			4
2020.08.12	10:09:09.681	81.49				2
2020.08.12	10:09:09.682		81.59			4
2020.08.12	10:09:09.682		81.58			4
2020.08.12	10:09:09.744	81.50				2
2020.08.12	10:09:09.745		81.59			4
2020.08.12	10:09:09.746	81.51				2
2020.08.12	10:09:11.165	81.50				2
2020.08.12	10:09:11.168	81.49				2
2020.08.12	10:09:11.522		81.58			4
2020.08.12	10:09:11.526	81.48				2
2020.08.12	10:09:11.674	81.47				2
2020.08.12	10:09:12.350		81.50			4
2020.08.12	10:09:12.355	81.46				2
2020.08.12	10:09:13.159			81.46	200.00000000	88
2020.08.12	10:09:13.327	81.48				2
2020.08.12	10:09:14.289			81.48	100.00000000	88
2020.08.12	10:09:15.163			81.50	400.00000000	56
2020.08.12	10:09:15.164			81.50	100.00000000	56
2020.08.12	10:09:15.164		81.55			4
2020.08.12	10:09:15.164		81.54			4
2020.08.12	10:09:15.166		81.55			4
2020.08.12	10:09:15.183		81.56			4
2020.08.12	10:09:15.184		81.57			4
2020.08.12	10:09:15.185	81.49				2
2020.08.12	10:09:15.186		81.58			4
2020.08.12	10:09:15.186		81.59			4
2020.08.12	10:09:15.187		81.58			4
2020.08.12	10:09:15.188	81.50				2
2020.08.12	10:09:15.189		81.59			4
2020.08.12	10:09:15.190	81.51				2
2020.08.12	10:09:15.889			81.59	100.00000000	56
2020.08.12	10:09:15.890		81.60			4
2020.08.12	10:09:15.890	81.52				2
2020.08.12	10:09:15.892			81.60	200.00000000	56
2020.08.12	10:09:15.892	81.53				2
2020.08.12	10:09:17.973	81.52				2
2020.08.12	10:09:17.977	81.51				2
2020.08.12	10:09:17.978	81.50				2
2020.08.12	10:09:17.979	81.49				2
2020.08.12	10:09:17.979		81.59			4
2020.08.12	10:09:17.980	81.48				2
2020.08.12	10:09:17.980	81.51				2
2020.08.12	10:09:17.986	81.48				2
2020.08.12	10:09:18.242	81.49				2
2020.08.12	10:09:18.248	81.50				2
2020.08.12	10:09:18.255	81.49				2
2020.08.12	10:09:18.255	81.50				2
2020.08.12	10:09:18.331	81.51				2
2020.08.12	10:09:18.336	81.50				2
2020.08.12	10:09:18.430	81.51				2
2020.08.12	10:09:18.432		81.60			4
2020.08.12	10:09:18.442	81.52				2
2020.08.12	10:09:18.454	81.51				2
2020.08.12	10:09:18.455	81.52				2
2020.08.12	10:09:18.556	81.53				2
2020.08.12	10:09:18.563	81.52				2
2020.08.12	10:09:18.564	81.53				2
2020.08.12	10:09:18.710	81.54				2
2020.08.12	10:09:18.714	81.53				2
2020.08.12	10:09:18.721	81.52				2
2020.08.12	10:09:18.722	81.53				2
2020.08.12	10:09:19.399	81.54				2
2020.08.12	10:09:19.401	81.53				2
2020.08.12	10:09:19.403	81.54				2
2020.08.12	10:09:19.885		81.58			4
2020.08.12	10:09:19.889	81.51				2
2020.08.12	10:09:19.890	81.50				2
2020.08.12	10:09:19.892	81.51				2
2020.08.12	10:09:19.896	81.50				2
2020.08.12	10:09:20.551			81.50	100.00000000	88
2020.08.12	10:09:20.551			81.50	200.00000000	88
2020.08.12	10:09:20.551			81.50	200.00000000	88
2020.08.12	10:09:20.551	81.49				2
2020.08.12	10:09:20.552	81.48				2
2020.08.12	10:09:20.559	81.50				2
2020.08.12	10:09:20.569	81.48				2
2020.08.12	10:09:21.031	81.49				2
2020.08.12	10:09:21.241	81.50				2
2020.08.12	10:09:22.008			81.50	100.00000000	88
2020.08.12	10:09:22.017	81.49				2
2020.08.12	10:09:24.173	81.50				2
2020.08.12	10:09:24.915	81.51				2
2020.08.12	10:09:24.921	81.50				2
2020.08.12	10:09:24.921	81.51				2
2020.08.12	10:09:25.510			81.58	600.00000000	56
2020.08.12	10:09:25.511	81.52				2
2020.08.12	10:09:25.513	81.51				2
2020.08.12	10:09:25.513	81.52				2
2020.08.12	10:09:26.565			81.58	100.00000000	56
2020.08.12	10:09:26.565		81.59			4
2020.08.12	10:09:26.595			81.59	100.00000000	56
2020.08.12	10:09:26.595			81.60	200.00000000	56
2020.08.12	10:09:26.595			81.60	100.00000000	56
2020.08.12	10:09:26.595		81.60			4
2020.08.12	10:09:26.604	81.53				2
2020.08.12	10:09:26.608	81.54				2
2020.08.12	10:09:26.621			81.54	100.00000000	88
2020.08.12	10:09:27.373			81.60	100.00000000	56
2020.08.12	10:09:27.373			81.60	200.00000000	56
2020.08.12	10:09:27.373			81.60	300.00000000	56
2020.08.12	10:09:27.373			81.60	400.00000000	56
2020.08.12	10:09:29.134			81.60	100.00000000	56
2020.08.12	10:09:29.143			81.60	600.00000000	56
2020.08.12	10:09:29.143			81.60	100.00000000	56
2020.08.12	10:09:29.143			81.60	100.00000000	56
2020.08.12	10:09:29.143		81.62			4
2020.08.12	10:09:29.144		81.63			4
2020.08.12	10:09:29.145	81.55				2
2020.08.12	10:09:29.147	81.56				2
2020.08.12	10:09:29.594			81.63	100.00000000	56
2020.08.12	10:09:29.594			81.63	200.00000000	56
2020.08.12	10:09:29.594		81.64			4
2020.08.12	10:09:29.595	81.57				2
2020.08.12	10:09:29.596	81.56				2
2020.08.12	10:09:29.597	81.57				2
2020.08.12	10:09:30.060	81.59				2
2020.08.12	10:09:30.061			81.64	100.00000000	56
2020.08.12	10:09:30.061			81.64	100.00000000	56
2020.08.12	10:09:30.061			81.65	1000.00000000	56
2020.08.12	10:09:30.061			81.65	300.00000000	56
2020.08.12	10:09:30.061		81.65			4
2020.08.12	10:09:30.061		81.66			4
2020.08.12	10:09:30.062	81.60				2
2020.08.12	10:09:30.063		81.67			4
2020.08.12	10:09:30.088	81.61				2
2020.08.12	10:09:30.090	81.62				2
2020.08.12	10:09:30.102			81.67	200.00000000	56
2020.08.12	10:09:30.103			81.67	300.00000000	56
2020.08.12	10:09:30.103			81.67	200.00000000	56
2020.08.12	10:09:30.103		81.70			4
2020.08.12	10:09:30.103	81.63				2
2020.08.12	10:09:30.105	81.64				2
2020.08.12	10:09:32.000			81.64	500.00000000	88
2020.08.12	10:09:32.128			81.70	100.00000000	56
2020.08.12	10:09:32.128			81.70	400.00000000	56
2020.08.12	10:09:32.128			81.70	100.00000000	56
2020.08.12	10:09:32.128			81.72	300.00000000	56
2020.08.12	10:09:32.128			81.72	700.00000000	56
2020.08.12	10:09:32.128			81.73	100.00000000	56
2020.08.12	10:09:32.128			81.73	100.00000000	56
2020.08.12	10:09:32.128			81.73	400.00000000	56
2020.08.12	10:09:32.128			81.74	100.00000000	56
2020.08.12	10:09:32.128			81.74	400.00000000	56
2020.08.12	10:09:32.128			81.74	300.00000000	56
2020.08.12	10:09:32.128		81.74			4
2020.08.12	10:09:32.128	81.71				2
2020.08.12	10:09:32.130		81.75			4
2020.08.12	10:09:32.192	81.72				2
2020.08.12	10:09:32.193			81.75	200.00000000	56
2020.08.12	10:09:32.193			81.75	1100.00000000	56
2020.08.12	10:09:32.193		81.77			4
2020.08.12	10:09:32.193	81.73				2
2020.08.12	10:09:32.194		81.80			4
2020.08.12	10:09:32.195		81.79			4
2020.08.12	10:09:32.725			81.73	100.00000000	88
2020.08.12	10:09:33.193	81.72				2
2020.08.12	10:09:33.502			81.79	400.00000000	56
2020.08.12	10:09:33.502			81.80	300.00000000	56
2020.08.12	10:09:33.502			81.80	200.00000000	56
2020.08.12	10:09:33.502			81.80	300.00000000	56
2020.08.12	10:09:33.502		81.80			4
2020.08.12	10:09:33.503	81.73				2
2020.08.12	10:09:33.694	81.72				2
2020.08.12	10:09:33.695	81.73				2
2020.08.12	10:09:34.139			81.80	100.00000000	56
2020.08.12	10:09:34.139			81.80	400.00000000	56
2020.08.12	10:09:34.140			81.80	600.00000000	56
2020.08.12	10:09:34.140		81.81			4
2020.08.12	10:09:34.140	81.74				2
2020.08.12	10:09:34.535			81.81	100.00000000	56
2020.08.12	10:09:34.535			81.81	100.00000000	56
2020.08.12	10:09:34.535			81.81	100.00000000	56
2020.08.12	10:09:34.535		81.83			4
2020.08.12	10:09:34.550	81.75				2
2020.08.12	10:09:34.555	81.74				2
2020.08.12	10:09:34.564	81.75				2
2020.08.12	10:09:34.569	81.74				2
2020.08.12	10:09:34.573	81.75				2
2020.08.12	10:09:34.577	81.74				2
2020.08.12	10:09:34.600			81.83	700.00000000	56
2020.08.12	10:09:34.600			81.84	300.00000000	56
2020.08.12	10:09:34.600		81.84			4
2020.08.12	10:09:34.601	81.75				2
2020.08.12	10:09:34.883			81.84	100.00000000	56
2020.08.12	10:09:34.883			81.85	900.00000000	56
2020.08.12	10:09:34.883		81.85			4
2020.08.12	10:09:34.884	81.76				2
2020.08.12	10:09:34.885	81.75				2
2020.08.12	10:09:34.885	81.76				2
2020.08.12	10:09:34.886	81.77				2
2020.08.12	10:09:34.943			81.85	500.00000000	56
2020.08.12	10:09:35.063			81.85	100.00000000	56
2020.08.12	10:09:35.063			81.85	1400.00000000	56
2020.08.12	10:09:35.064	81.78				2
2020.08.12	10:09:35.065	81.77				2
2020.08.12	10:09:35.078	81.76				2
2020.08.12	10:09:35.079	81.77				2
2020.08.12	10:09:35.148			81.85	1300.00000000	56
2020.08.12	10:09:35.175			81.85	1300.00000000	56
2020.08.12	10:09:35.175			81.87	200.00000000	56
2020.08.12	10:09:35.175		81.87			4
2020.08.12	10:09:35.176	81.78				2
2020.08.12	10:09:35.178			81.87	200.00000000	56
2020.08.12	10:09:35.178	81.79				2
2020.08.12	10:09:35.231			81.87	100.00000000	56
2020.08.12	10:09:35.231			81.87	100.00000000	56
2020.08.12	10:09:35.231			81.88	100.00000000	56
2020.08.12	10:09:35.231			81.89	100.00000000	56
2020.08.12	10:09:35.231			81.90	100.00000000	56
2020.08.12	10:09:35.231		81.90			4
2020.08.12	10:09:35.235			81.90	100.00000000	56
2020.08.12	10:09:35.236			81.90	200.00000000	56
2020.08.12	10:09:35.242	81.80				2
2020.08.12	10:09:35.248	81.81				2
2020.08.12	10:09:35.293			81.90	800.00000000	56
2020.08.12	10:09:35.293			81.90	200.00000000	56
2020.08.12	10:09:35.293			81.90	100.00000000	56
2020.08.12	10:09:35.293			81.90	500.00000000	56
2020.08.12	10:09:35.293	81.90	81.91			6
2020.08.12	10:09:35.294			81.91	200.00000000	56
2020.08.12	10:09:35.294			81.91	100.00000000	56
2020.08.12	10:09:35.294			81.92	400.00000000	56
2020.08.12	10:09:35.294			81.92	300.00000000	56
2020.08.12	10:09:35.294		81.92			4
2020.08.12	10:09:35.294		81.93			4
2020.08.12	10:09:35.296		81.94			4
2020.08.12	10:09:35.299			81.94	2300.00000000	56
2020.08.12	10:09:35.300		81.95			4
2020.08.12	10:09:35.306	81.91				2
2020.08.12	10:09:35.321			81.95	200.00000000	56
2020.08.12	10:09:35.322			81.95	400.00000000	56
2020.08.12	10:09:35.322			81.95	600.00000000	56
2020.08.12	10:09:35.322			81.95	100.00000000	56
2020.08.12	10:09:35.322		81.98			4
2020.08.12	10:09:35.412	81.94				2
2020.08.12	10:09:35.530	81.95				2
2020.08.12	10:09:35.676			81.98	100.00000000	56
2020.08.12	10:09:35.676			81.98	200.00000000	56
2020.08.12	10:09:35.676			81.98	100.00000000	56
2020.08.12	10:09:35.676			81.98	100.00000000	56
2020.08.12	10:09:35.676		81.99			4
2020.08.12	10:09:35.765			81.99	100.00000000	56
2020.08.12	10:09:35.765			81.99	100.00000000	56
2020.08.12	10:09:35.775			81.99	300.00000000	56
2020.08.12	10:09:35.775			81.99	500.00000000	56
2020.08.12	10:09:35.775			81.99	100.00000000	56
2020.08.12	10:09:35.775			81.99	100.00000000	56
2020.08.12	10:09:35.775		82.00			4
2020.08.12	10:09:35.775	81.96				2
2020.08.12	10:09:35.779			82.00	200.00000000	56
2020.08.12	10:09:35.779			82.00	800.00000000	56
2020.08.12	10:09:35.780			82.00	400.00000000	56
2020.08.12	10:09:35.780			82.00	100.00000000	56
2020.08.12	10:09:35.780			82.00	700.00000000	56
2020.08.12	10:09:35.780			82.00	700.00000000	56
2020.08.12	10:09:35.780			82.00	100.00000000	56
2020.08.12	10:09:35.780			82.00	100.00000000	56
2020.08.12	10:09:35.780			82.00	100.00000000	56
2020.08.12	10:09:35.780			82.00	800.00000000	56
2020.08.12	10:09:35.806			82.00	200.00000000	56
2020.08.12	10:09:35.811			82.00	300.00000000	56
2020.08.12	10:09:35.811			82.00	100.00000000	56
2020.08.12	10:09:35.811			82.00	1100.00000000	56
2020.08.12	10:09:35.815			82.00	700.00000000	56
2020.08.12	10:09:35.824			82.00	200.00000000	56
2020.08.12	10:09:35.836			82.00	200.00000000	56
2020.08.12	10:09:35.847			82.00	200.00000000	56
2020.08.12	10:09:35.857			82.00	200.00000000	56
2020.08.12	10:09:35.871			82.00	1000.00000000	56
2020.08.12	10:09:35.872			82.00	3500.00000000	56
2020.08.12	10:09:35.872			82.00	2900.00000000	56
2020.08.12	10:09:35.872			82.00	1000.00000000	56
2020.08.12	10:09:35.872			82.00	100.00000000	56
2020.08.12	10:09:35.874			82.00	300.00000000	56
2020.08.12	10:09:35.874			82.00	500.00000000	56
2020.08.12	10:09:35.874			82.00	2000.00000000	56
2020.08.12	10:09:35.874			82.00	200.00000000	56
2020.08.12	10:09:35.874			82.00	100.00000000	56
2020.08.12	10:09:35.874		82.04			4
2020.08.12	10:09:35.875		82.03			4
2020.08.12	10:09:35.906	81.97				2
2020.08.12	10:09:35.908		82.04			4
2020.08.12	10:09:35.908	81.98				2
2020.08.12	10:09:35.979	82.00				2
2020.08.12	10:09:36.025			82.04	600.00000000	56
2020.08.12	10:09:36.033			82.04	200.00000000	56
2020.08.12	10:09:36.049			82.04	200.00000000	56
2020.08.12	10:09:36.071			82.04	200.00000000	56
2020.08.12	10:09:36.072	82.01				2
2020.08.12	10:09:36.094			82.04	200.00000000	56
2020.08.12	10:09:36.114			82.04	200.00000000	56
2020.08.12	10:09:36.376			82.04	400.00000000	56
2020.08.12	10:09:36.376			82.05	100.00000000	56
2020.08.12	10:09:36.376			82.07	400.00000000	56
2020.08.12	10:09:36.376			82.07	100.00000000	56
2020.08.12	10:09:36.376		82.07			4
2020.08.12	10:09:36.378			82.07	1900.00000000	56
2020.08.12	10:09:36.378		82.10			4
2020.08.12	10:09:36.378	82.02				2
2020.08.12	10:09:36.380	82.03				2
2020.08.12	10:09:36.440			82.10	300.00000000	56
2020.08.12	10:09:36.440			82.10	100.00000000	56
2020.08.12	10:09:36.440			82.10	100.00000000	56
2020.08.12	10:09:36.440			82.13	400.00000000	56
2020.08.12	10:09:36.440			82.13	100.00000000	56
2020.08.12	10:09:36.440		82.14			4
2020.08.12	10:09:36.441	82.04				2
2020.08.12	10:09:36.442		82.15			4
2020.08.12	10:09:36.442		82.14			4
2020.08.12	10:09:36.443	82.05				2
2020.08.12	10:09:36.443		82.15			4
2020.08.12	10:09:36.568			82.05	500.00000000	88
2020.08.12	10:09:36.568	82.04				2
2020.08.12	10:09:36.569	82.03				2
2020.08.12	10:09:36.569		82.14			4
2020.08.12	10:09:36.570	82.02				2
2020.08.12	10:09:36.570		82.13			4
2020.08.12	10:09:36.570	82.03				2
2020.08.12	10:09:36.667		82.12			4
2020.08.12	10:09:36.668	82.02				2
2020.08.12	10:09:36.670		82.11			4
2020.08.12	10:09:36.714		82.12			4
2020.08.12	10:09:37.101		82.11			4
2020.08.12	10:09:37.749			82.02	100.00000000	88
2020.08.12	10:09:38.190			82.11	100.00000000	56
2020.08.12	10:09:38.437			82.11	400.00000000	56
2020.08.12	10:09:38.437			82.12	300.00000000	56
2020.08.12	10:09:38.437			82.13	100.00000000	56
2020.08.12	10:09:38.437			82.13	100.00000000	56
2020.08.12	10:09:38.437			82.13	100.00000000	56
2020.08.12	10:09:38.437		82.13			4
2020.08.12	10:09:38.438	82.03				2
2020.08.12	10:09:38.463			82.13	200.00000000	56
2020.08.12	10:09:38.464	82.04				2
2020.08.12	10:09:39.111			82.04	100.00000000	88
2020.08.12	10:09:39.111			82.04	100.00000000	88
2020.08.12	10:09:39.111			82.04	100.00000000	88
2020.08.12	10:09:39.111			82.04	100.00000000	88
2020.08.12	10:09:39.111			82.04	200.00000000	88
2020.08.12	10:09:39.111			82.04	100.00000000	88
2020.08.12	10:09:39.111			82.04	200.00000000	88
2020.08.12	10:09:39.111	82.03	82.04			6
2020.08.12	10:09:39.112	82.02				2
2020.08.12	10:09:39.114			82.04	200.00000000	56
2020.08.12	10:09:39.114	82.00				2
2020.08.12	10:09:39.121			82.04	200.00000000	56
2020.08.12	10:09:39.500			82.00	100.00000000	88
2020.08.12	10:09:39.802			82.00	400.00000000	88
2020.08.12	10:09:39.802			82.00	2000.00000000	88
2020.08.12	10:09:39.802	81.96				2
2020.08.12	10:09:39.802		82.03			4
2020.08.12	10:09:39.803	81.95				2
2020.08.12	10:09:39.803	81.96				2
2020.08.12	10:09:40.135			81.96	100.00000000	88
2020.08.12	10:09:40.135	81.95				2
2020.08.12	10:09:40.136		82.02			4
2020.08.12	10:09:40.137		82.01			4
2020.08.12	10:09:40.425			81.95	100.00000000	88
2020.08.12	10:09:41.613			81.95	100.00000000	88
2020.08.12	10:09:42.804			81.95	100.00000000	88
2020.08.12	10:09:42.805			81.95	1200.00000000	88
2020.08.12	10:09:42.805			81.95	1000.00000000	88
2020.08.12	10:09:42.805			81.95	1000.00000000	88
2020.08.12	10:09:42.805			81.95	1000.00000000	88
2020.08.12	10:09:42.805			81.95	1300.00000000	88
2020.08.12	10:09:42.805			81.95	1000.00000000	88
2020.08.12	10:09:42.805	81.94				2
2020.08.12	10:09:42.805			81.94	500.00000000	88
2020.08.12	10:09:42.805			81.94	1000.00000000	88
2020.08.12	10:09:42.805			81.94	100.00000000	88
2020.08.12	10:09:42.806			81.94	400.00000000	88
2020.08.12	10:09:42.806			81.94	1000.00000000	88
2020.08.12	10:09:42.806			81.94	1000.00000000	88
2020.08.12	10:09:42.806			81.94	1500.00000000	88
2020.08.12	10:09:42.806	81.93				2
2020.08.12	10:09:42.807			81.92	400.00000000	88
2020.08.12	10:09:42.807	81.92				2
2020.08.12	10:09:42.807		82.00			4
2020.08.12	10:09:42.807	81.91				2
2020.08.12	10:09:42.807	81.93				2
2020.08.12	10:09:42.807			81.93	100.00000000	88
2020.08.12	10:09:42.808		81.99			4
2020.08.12	10:09:42.809			81.92	100.00000000	88
2020.08.12	10:09:42.809	81.92				2
2020.08.12	10:09:42.810		81.98			4
2020.08.12	10:09:42.810	81.91				2
2020.08.12	10:09:42.811		81.97			4
2020.08.12	10:09:42.812		81.96			4
2020.08.12	10:09:42.814			81.91	500.00000000	88
2020.08.12	10:09:42.814			81.91	1000.00000000	88
2020.08.12	10:09:42.814			81.91	1000.00000000	88
2020.08.12	10:09:42.814	81.90				2
2020.08.12	10:09:42.814			81.90	100.00000000	88
2020.08.12	10:09:42.815		81.95			4
2020.08.12	10:09:42.815			81.90	1500.00000000	88
2020.08.12	10:09:42.815			81.90	500.00000000	88
2020.08.12	10:09:42.815	81.86				2
2020.08.12	10:09:42.816	81.85				2
2020.08.12	10:09:42.816	81.84				2
2020.08.12	10:09:42.816	81.83				2
2020.08.12	10:09:42.816		81.94			4
2020.08.12	10:09:42.817	81.84				2
2020.08.12	10:09:42.818		81.93			4
2020.08.12	10:09:42.818	81.83				2
2020.08.12	10:09:42.819	81.84				2
2020.08.12	10:09:42.819	81.83				2
2020.08.12	10:09:42.823			81.83	100.00000000	88
2020.08.12	10:09:42.857		81.92			4
2020.08.12	10:09:42.859		81.91			4
2020.08.12	10:09:43.309		81.92			4
2020.08.12	10:09:43.796			81.92	100.00000000	56
2020.08.12	10:09:43.796			81.92	200.00000000	56
2020.08.12	10:09:43.796			81.93	100.00000000	56
2020.08.12	10:09:43.796			81.93	200.00000000	56
2020.08.12	10:09:43.796			81.93	100.00000000	56
2020.08.12	10:09:43.796			81.94	100.00000000	56
2020.08.12	10:09:43.796		81.94			4
2020.08.12	10:09:43.797	81.84				2
2020.08.12	10:09:44.113			81.84	500.00000000	88
2020.08.12	10:09:44.114		81.93			4
2020.08.12	10:09:44.315	81.83				2
2020.08.12	10:09:44.401	81.84				2
2020.08.12	10:09:44.402		81.94			4
2020.08.12	10:09:44.422			81.84	100.00000000	88
2020.08.12	10:09:44.758			81.84	300.00000000	88
2020.08.12	10:09:44.759		81.93			4
2020.08.12	10:09:46.838			81.84	100.00000000	88
2020.08.12	10:09:46.838			81.84	100.00000000	88
2020.08.12	10:09:46.845	81.83				2
2020.08.12	10:09:46.888			81.93	100.00000000	56
2020.08.12	10:09:46.888		81.94			4
2020.08.12	10:09:46.899			81.83	100.00000000	88
2020.08.12	10:09:46.899			81.83	100.00000000	88
2020.08.12	10:09:46.940	81.84				2
2020.08.12	10:09:47.154			81.94	200.00000000	56
2020.08.12	10:09:47.154			81.94	100.00000000	56
2020.08.12	10:09:47.154		81.95			4
2020.08.12	10:09:47.155	81.85				2
2020.08.12	10:09:47.156		81.94			4
2020.08.12	10:09:47.157	81.86				2
2020.08.12	10:09:47.170		81.95			4
2020.08.12	10:09:48.570		81.94			4
2020.08.12	10:09:48.801		81.93			4
2020.08.12	10:09:48.905	81.83				2
2020.08.12	10:09:49.407	81.82				2
2020.08.12	10:09:49.408		81.92			4
2020.08.12	10:09:49.411		81.91			4
2020.08.12	10:09:49.423		81.92			4
2020.08.12	10:09:49.910	81.81				2
2020.08.12	10:09:49.911		81.91			4
2020.08.12	10:09:49.999		81.90			4
2020.08.12	10:09:50.001		81.89			4
2020.08.12	10:09:50.223		81.88			4
2020.08.12	10:09:50.412	81.80				2
2020.08.12	10:09:50.415		81.87			4
2020.08.12	10:09:50.684			81.87	100.00000000	56
2020.08.12	10:09:50.803			81.80	100.00000000	88
2020.08.12	10:09:50.808		81.81			4
2020.08.12	10:09:50.809			81.80	700.00000000	88
2020.08.12	10:09:50.810			81.81	500.00000000	56
2020.08.12	10:09:50.810		81.86			4
2020.08.12	10:09:50.812			81.80	1200.00000000	88
2020.08.12	10:09:50.812			81.80	1600.00000000	88
2020.08.12	10:09:50.812			81.80	400.00000000	88
2020.08.12	10:09:50.812			81.80	900.00000000	88
2020.08.12	10:09:50.813			81.80	100.00000000	88
2020.08.12	10:09:50.813			81.80	100.00000000	88
2020.08.12	10:09:50.813			81.80	100.00000000	88
2020.08.12	10:09:50.813			81.79	200.00000000	88
2020.08.12	10:09:50.813	81.79				2
2020.08.12	10:09:50.813		81.85			4
2020.08.12	10:09:50.813		81.80			4
2020.08.12	10:09:50.815			81.79	100.00000000	88
2020.08.12	10:09:50.815	81.77				2
2020.08.12	10:09:50.815		81.85			4
2020.08.12	10:09:50.817	81.76				2
2020.08.12	10:09:50.818		81.84			4
2020.08.12	10:09:50.818	81.74				2
2020.08.12	10:09:50.818	81.75				2
2020.08.12	10:09:51.034	81.81				2
2020.08.12	10:09:51.103		81.85			4
2020.08.12	10:09:51.126		81.86			4
2020.08.12	10:09:51.178			81.81	200.00000000	88
2020.08.12	10:09:51.400			81.86	200.00000000	56
2020.08.12	10:09:51.400			81.87	200.00000000	56
2020.08.12	10:09:51.400			81.88	200.00000000	56
2020.08.12	10:09:51.400			81.88	100.00000000	56
2020.08.12	10:09:51.400			81.88	300.00000000	56
2020.08.12	10:09:51.400		81.89			4
2020.08.12	10:09:51.783			81.81	100.00000000	88
2020.08.12	10:09:52.818		81.90			4
2020.08.12	10:09:52.819	81.82				2
2020.08.12	10:09:52.819		81.91			4
2020.08.12	10:09:52.821		81.92			4
2020.08.12	10:09:52.821	81.83				2
2020.08.12	10:09:52.823	81.84				2
2020.08.12	10:09:52.824		81.93			4
2020.08.12	10:09:52.825		81.94			4
2020.08.12	10:09:52.825		81.93			4
2020.08.12	10:09:53.218			81.93	200.00000000	56
2020.08.12	10:09:53.218			81.94	100.00000000	56
2020.08.12	10:09:53.218			81.94	200.00000000	56
2020.08.12	10:09:53.218		81.95			4
2020.08.12	10:09:53.219	81.85				2
2020.08.12	10:09:53.220	81.84				2
2020.08.12	10:09:53.221	81.86				2
2020.08.12	10:09:53.337			81.86	100.00000000	88
2020.08.12	10:09:54.517		81.94			4
2020.08.12	10:09:54.773		81.93			4
2020.08.12	10:09:54.865	81.84				2
2020.08.12	10:09:55.368	81.83				2
2020.08.12	10:09:55.870	81.82				2
2020.08.12	10:09:55.892			81.93	100.00000000	56
2020.08.12	10:09:55.892		81.94			4
2020.08.12	10:09:55.893		81.93			4
2020.08.12	10:09:56.019		81.92			4
2020.08.12	10:09:56.208	81.85				2
2020.08.12	10:09:56.209		81.93			4
2020.08.12	10:09:56.210	81.86				2
2020.08.12	10:09:56.211		81.94			4
2020.08.12	10:09:56.211		81.95			4
2020.08.12	10:09:56.212	81.87				2
2020.08.12	10:09:56.214	81.88				2
2020.08.12	10:09:56.623		81.90			4
2020.08.12	10:09:56.624			81.90	100.00000000	120
2020.08.12	10:09:56.624		81.95			4
2020.08.12	10:09:56.624		81.94			4
2020.08.12	10:09:56.951			81.94	100.00000000	56
2020.08.12	10:10:00.012	81.88				2
2020.08.12	10:10:00.514			81.94	300.00000000	56
2020.08.12	10:10:00.514			81.94	400.00000000	56
2020.08.12	10:10:00.517			81.88	100.00000000	88
2020.08.12	10:10:00.838			81.88	400.00000000	88
2020.08.12	10:10:00.838			81.88	100.00000000	88
2020.08.12	10:10:00.838			81.86	100.00000000	88
2020.08.12	10:10:00.838	81.86				2
2020.08.12	10:10:00.866		81.90			4
2020.08.12	10:10:00.867	81.85				2
2020.08.12	10:10:00.900		81.89			4
2020.08.12	10:10:01.035			81.85	200.00000000	88
2020.08.12	10:10:01.160			81.85	300.00000000	88
2020.08.12	10:10:01.383			81.89	100.00000000	56
2020.08.12	10:10:01.383		81.90			4
2020.08.12	10:10:01.423		81.88			4
2020.08.12	10:10:01.485		81.89			4
2020.08.12	10:10:01.619			81.85	100.00000000	88
2020.08.12	10:10:01.662			81.85	600.00000000	88
2020.08.12	10:10:03.171			81.85	200.00000000	88
2020.08.12	10:10:03.308			81.85	100.00000000	88
2020.08.12	10:10:03.318			81.85	100.00000000	88
2020.08.12	10:10:03.524			81.85	100.00000000	88
2020.08.12	10:10:03.525			81.85	6000.00000000	88
2020.08.12	10:10:03.688			81.85	700.00000000	88
2020.08.12	10:10:03.688		81.90			4
2020.08.12	10:10:03.752		81.88			4
2020.08.12	10:10:03.814		81.89			4
2020.08.12	10:10:04.346			81.85	19600.00000000	88
2020.08.12	10:10:04.347			81.85	3400.00000000	88
2020.08.12	10:10:04.347			81.85	10500.00000000	88
2020.08.12	10:10:04.348			81.85	700.00000000	88
2020.08.12	10:10:04.348			81.85	600.00000000	88
2020.08.12	10:10:04.348			81.85	1600.00000000	88
2020.08.12	10:10:04.348			81.85	100.00000000	88
2020.08.12	10:10:04.348	81.82				2
2020.08.12	10:10:04.348		81.88			4
2020.08.12	10:10:04.349			81.82	100.00000000	88
2020.08.12	10:10:04.349	81.81				2
2020.08.12	10:10:04.349	81.80				2
2020.08.12	10:10:04.350		81.87			4
2020.08.12	10:10:04.352		81.86			4
2020.08.12	10:10:04.353			81.80	500.00000000	88
2020.08.12	10:10:04.353		81.85			4
2020.08.12	10:10:04.353	81.79				2
2020.08.12	10:10:04.354		81.84			4
2020.08.12	10:10:04.355			81.79	100.00000000	88
2020.08.12	10:10:04.355			81.79	300.00000000	88
2020.08.12	10:10:04.355	81.75				2
2020.08.12	10:10:04.356	81.74				2
2020.08.12	10:10:04.357		81.83			4
2020.08.12	10:10:04.357	81.75				2
2020.08.12	10:10:04.358		81.82			4
2020.08.12	10:10:04.358	81.74				2
2020.08.12	10:10:04.377		81.81			4
2020.08.12	10:10:04.378		81.80			4
2020.08.12	10:10:04.416	81.71				2
2020.08.12	10:10:04.438		81.79			4
2020.08.12	10:10:04.461		81.78			4
2020.08.12	10:10:04.502			81.71	100.00000000	88
2020.08.12	10:10:04.563		81.77			4
2020.08.12	10:10:04.690			81.77	100.00000000	56
2020.08.12	10:10:05.157			81.77	500.00000000	56
2020.08.12	10:10:05.157		81.78			4
2020.08.12	10:10:05.158		81.79			4
2020.08.12	10:10:05.178		81.80			4
2020.08.12	10:10:07.604		81.79			4
2020.08.12	10:10:07.831		81.78			4
2020.08.12	10:10:07.908			81.71	200.00000000	88
2020.08.12	10:10:07.908			81.71	300.00000000	88
2020.08.12	10:10:07.908			81.70	100.00000000	88
2020.08.12	10:10:07.908			81.70	100.00000000	88
2020.08.12	10:10:07.908			81.69	100.00000000	88
2020.08.12	10:10:07.908			81.68	200.00000000	88
2020.08.12	10:10:07.908	81.68				2
2020.08.12	10:10:07.908		81.69			4
2020.08.12	10:10:07.910	81.67				2
2020.08.12	10:10:07.911			81.69	200.00000000	56
2020.08.12	10:10:07.911			81.68	200.00000000	120
2020.08.12	10:10:07.911		81.74			4
2020.08.12	10:10:07.911		81.68			4
2020.08.12	10:10:07.911	81.68	81.74			6
2020.08.12	10:10:07.911		81.72			4
2020.08.12	10:10:07.912		81.73			4
2020.08.12	10:10:07.912	81.67				2
2020.08.12	10:10:07.913		81.74			4
2020.08.12	10:10:07.914		81.76			4
2020.08.12	10:10:07.918			81.67	200.00000000	88
2020.08.12	10:10:07.918			81.67	100.00000000	88
2020.08.12	10:10:07.918			81.65	100.00000000	88
2020.08.12	10:10:07.918			81.64	200.00000000	88
2020.08.12	10:10:07.918			81.64	100.00000000	88
2020.08.12	10:10:07.918			81.63	500.00000000	88
2020.08.12	10:10:07.918			81.63	100.00000000	88
2020.08.12	10:10:07.918			81.63	100.00000000	88
2020.08.12	10:10:07.918	81.62	81.63			6
2020.08.12	10:10:07.919	81.61				2
2020.08.12	10:10:07.919			81.63	600.00000000	56
2020.08.12	10:10:07.919		81.76			4
2020.08.12	10:10:07.920	81.60				2
2020.08.12	10:10:07.921		81.75			4
2020.08.12	10:10:07.921	81.61				2
2020.08.12	10:10:08.014		81.74			4
2020.08.12	10:10:08.033		81.73			4
2020.08.12	10:10:08.034		81.72			4
2020.08.12	10:10:08.039	81.60				2
2020.08.12	10:10:08.041	81.61				2
2020.08.12	10:10:08.112			81.61	200.00000000	88
2020.08.12	10:10:08.112			81.60	100.00000000	88
2020.08.12	10:10:08.112	81.60				2
2020.08.12	10:10:08.113		81.71			4
2020.08.12	10:10:08.113		81.70			4
2020.08.12	10:10:08.115	81.61				2
2020.08.12	10:10:08.116		81.71			4
2020.08.12	10:10:08.119		81.72			4
2020.08.12	10:10:08.121	81.60				2
2020.08.12	10:10:08.200			81.72	100.00000000	56
2020.08.12	10:10:08.200			81.72	100.00000000	56
2020.08.12	10:10:08.200			81.73	100.00000000	56
2020.08.12	10:10:08.200			81.73	100.00000000	56
2020.08.12	10:10:08.200			81.74	100.00000000	56
2020.08.12	10:10:08.200			81.74	100.00000000	56
2020.08.12	10:10:08.200			81.75	100.00000000	56
2020.08.12	10:10:08.200			81.75	100.00000000	56
2020.08.12	10:10:08.200			81.75	100.00000000	56
2020.08.12	10:10:08.200			81.76	100.00000000	56
2020.08.12	10:10:08.200		81.76			4
2020.08.12	10:10:08.201	81.61				2
2020.08.12	10:10:08.203		81.75			4
2020.08.12	10:10:08.213	81.62				2
2020.08.12	10:10:08.215	81.63				2
2020.08.12	10:10:08.216	81.64				2
2020.08.12	10:10:08.222			81.75	100.00000000	56
2020.08.12	10:10:08.222		81.76			4
2020.08.12	10:10:08.223	81.65				2
2020.08.12	10:10:08.224	81.66				2
2020.08.12	10:10:08.226	81.65				2
2020.08.12	10:10:08.227	81.66				2
2020.08.12	10:10:08.230	81.67				2
2020.08.12	10:10:08.238	81.66				2
2020.08.12	10:10:08.331	81.65				2
2020.08.12	10:10:08.428			81.65	100.00000000	88
2020.08.12	10:10:08.430		81.75			4
2020.08.12	10:10:08.437	81.64				2
2020.08.12	10:10:08.437	81.63				2
2020.08.12	10:10:08.439	81.64				2
2020.08.12	10:10:08.454	81.65				2
2020.08.12	10:10:08.458	81.64				2
2020.08.12	10:10:08.459	81.65				2
2020.08.12	10:10:08.531		81.76			4
2020.08.12	10:10:08.536	81.66				2
2020.08.12	10:10:08.540	81.65				2
2020.08.12	10:10:08.541	81.66				2
2020.08.12	10:10:08.554	81.67				2
2020.08.12	10:10:08.559	81.66				2
2020.08.12	10:10:08.563	81.65				2
2020.08.12	10:10:08.609	81.64				2
2020.08.12	10:10:08.609	81.65				2
2020.08.12	10:10:09.109		81.75			4
2020.08.12	10:10:09.109	81.64				2
2020.08.12	10:10:09.110	81.63				2
2020.08.12	10:10:09.113		81.74			4
2020.08.12	10:10:09.113	81.62				2
2020.08.12	10:10:09.114	81.61				2
2020.08.12	10:10:09.115		81.73			4
2020.08.12	10:10:09.188	81.62				2
2020.08.12	10:10:09.220	81.63				2
2020.08.12	10:10:09.226	81.62				2
2020.08.12	10:10:09.227	81.63				2
2020.08.12	10:10:09.231		81.74			4
2020.08.12	10:10:10.011			81.74	100.00000000	56
2020.08.12	10:10:10.012	81.64				2
2020.08.12	10:10:10.013		81.75			4
2020.08.12	10:10:10.014	81.63				2
2020.08.12	10:10:10.014	81.65				2
2020.08.12	10:10:10.456			81.75	100.00000000	56
2020.08.12	10:10:10.456			81.76	100.00000000	56
2020.08.12	10:10:10.456		81.76			4
2020.08.12	10:10:10.457	81.66				2
2020.08.12	10:10:10.458	81.64				2
2020.08.12	10:10:10.458	81.65				2
2020.08.12	10:10:10.466	81.66				2
2020.08.12	10:10:10.471	81.65				2
2020.08.12	10:10:10.476	81.66				2
2020.08.12	10:10:10.567	81.65				2
2020.08.12	10:10:10.571	81.66				2
2020.08.12	10:10:10.574	81.65				2
2020.08.12	10:10:11.032		81.75			4
2020.08.12	10:10:11.039	81.64				2
2020.08.12	10:10:11.045	81.63				2
2020.08.12	10:10:11.046	81.62				2
2020.08.12	10:10:11.047	81.61				2
2020.08.12	10:10:11.047	81.62				2
2020.08.12	10:10:11.047	81.63				2
2020.08.12	10:10:11.047		81.74			4
2020.08.12	10:10:11.049		81.73			4
2020.08.12	10:10:11.387			81.73	100.00000000	56
2020.08.12	10:10:11.388		81.74			4
2020.08.12	10:10:11.388	81.64				2
2020.08.12	10:10:11.404	81.65				2
2020.08.12	10:10:11.600			81.65	100.00000000	88
2020.08.12	10:10:11.607	81.64				2
2020.08.12	10:10:11.638			81.74	100.00000000	56
2020.08.12	10:10:11.646	81.65				2
2020.08.12	10:10:12.902	81.66				2
2020.08.12	10:10:12.906			81.74	100.00000000	56
2020.08.12	10:10:12.928	81.67				2
2020.08.12	10:10:12.933	81.66				2
2020.08.12	10:10:12.937	81.67				2
2020.08.12	10:10:12.941	81.66				2
2020.08.12	10:10:12.946	81.65				2
2020.08.12	10:10:12.954	81.64				2
2020.08.12	10:10:13.281		81.73			4
2020.08.12	10:10:13.288	81.63				2
2020.08.12	10:10:13.375	81.62				2
2020.08.12	10:10:13.528		81.72			4
2020.08.12	10:10:13.534	81.61				2
2020.08.12	10:10:13.618		81.71			4
2020.08.12	10:10:15.212		81.72			4
2020.08.12	10:10:15.220	81.62				2
2020.08.12	10:10:15.227	81.63				2
2020.08.12	10:10:15.595	81.62				2
2020.08.12	10:10:15.598	81.63				2
2020.08.12	10:10:15.723	81.64				2
2020.08.12	10:10:15.724		81.73			4
2020.08.12	10:10:15.730	81.65				2
2020.08.12	10:10:15.731		81.74			4
2020.08.12	10:10:15.803			81.65	100.00000000	88
2020.08.12	10:10:15.804			81.65	100.00000000	88
2020.08.12	10:10:15.804	81.64				2
2020.08.12	10:10:15.804	81.63				2
2020.08.12	10:10:15.807	81.64				2
2020.08.12	10:10:15.812	81.63				2
2020.08.12	10:10:16.647	81.64				2
2020.08.12	10:10:16.656	81.65				2
2020.08.12	10:10:18.835			81.65	500.00000000	88
2020.08.12	10:10:18.835			81.65	100.00000000	88
2020.08.12	10:10:18.835			81.65	100.00000000	88
2020.08.12	10:10:18.895			81.74	100.00000000	56
2020.08.12	10:10:18.895			81.74	2300.00000000	56
2020.08.12	10:10:18.895			81.75	400.00000000	56
2020.08.12	10:10:18.895			81.75	100.00000000	56
2020.08.12	10:10:18.895			81.76	100.00000000	56
2020.08.12	10:10:18.895		81.76			4
2020.08.12	10:10:18.897	81.66				2
2020.08.12	10:10:18.904	81.67				2
2020.08.12	10:10:18.906	81.68				2
2020.08.12	10:10:18.940		81.74			4
2020.08.12	10:10:20.169	81.69				2
2020.08.12	10:10:20.170	81.68				2
2020.08.12	10:10:20.198			81.74	200.00000000	56
2020.08.12	10:10:20.198		81.76			4
2020.08.12	10:10:20.199	81.69				2
2020.08.12	10:10:20.464	81.70				2
2020.08.12	10:10:20.846	81.71				2
2020.08.12	10:10:20.847			81.76	400.00000000	56
2020.08.12	10:10:20.847			81.76	100.00000000	56
2020.08.12	10:10:20.847		81.77			4
2020.08.12	10:10:20.848		81.78			4
2020.08.12	10:10:20.848		81.79			4
2020.08.12	10:10:20.849		81.80			4
2020.08.12	10:10:20.849	81.72				2
2020.08.12	10:10:20.850		81.81			4
2020.08.12	10:10:20.851	81.73				2
2020.08.12	10:10:20.852	81.74				2
2020.08.12	10:10:20.855	81.75				2
2020.08.12	10:10:20.909	81.74				2
2020.08.12	10:10:21.348	81.75				2
2020.08.12	10:10:21.358	81.76				2
2020.08.12	10:10:21.364	81.75				2
2020.08.12	10:10:21.578			81.81	100.00000000	56
2020.08.12	10:10:21.579	81.76				2
2020.08.12	10:10:21.580			81.81	100.00000000	56
2020.08.12	10:10:21.580		81.83			4
2020.08.12	10:10:21.581	81.77				2
2020.08.12	10:10:21.582		81.85			4
2020.08.12	10:10:21.582	81.75				2
2020.08.12	10:10:21.582	81.76				2
2020.08.12	10:10:21.582		81.86			4
2020.08.12	10:10:21.583	81.77				2
2020.08.12	10:10:21.583		81.87			4
2020.08.12	10:10:21.584		81.88			4
2020.08.12	10:10:21.589	81.78				2
2020.08.12	10:10:21.591	81.79				2
2020.08.12	10:10:21.592		81.89			4
2020.08.12	10:10:21.657	81.80				2
2020.08.12	10:10:21.659		81.90			4
2020.08.12	10:10:21.659	81.81				2
2020.08.12	10:10:21.682	81.82				2
2020.08.12	10:10:21.744			81.90	500.00000000	56
2020.08.12	10:10:21.745	81.83				2
2020.08.12	10:10:21.852	81.84				2
2020.08.12	10:10:22.149			81.90	100.00000000	56
2020.08.12	10:10:22.603	81.85				2
2020.08.12	10:10:22.855			81.90	1900.00000000	56
2020.08.12	10:10:22.855		81.93			4
2020.08.12	10:10:22.857		81.94			4
2020.08.12	10:10:22.857	81.86				2
2020.08.12	10:10:22.858	81.87				2
2020.08.12	10:10:22.860	81.88				2
2020.08.12	10:10:22.862	81.89				2
2020.08.12	10:10:22.868	81.87				2
2020.08.12	10:10:23.357	81.88				2
2020.08.12	10:10:24.860	81.87				2
2020.08.12	10:10:26.939			81.87	100.00000000	88
2020.08.12	10:10:26.939			81.87	500.00000000	88
2020.08.12	10:10:26.939			81.86	100.00000000	88
2020.08.12	10:10:26.939			81.86	100.00000000	88
2020.08.12	10:10:26.939			81.85	100.00000000	88
2020.08.12	10:10:26.939			81.85	100.00000000	88
2020.08.12	10:10:26.939	81.84				2
2020.08.12	10:10:26.943	81.83				2
2020.08.12	10:10:26.947	81.85				2
2020.08.12	10:10:26.950	81.84				2
2020.08.12	10:10:27.017	81.83				2
2020.08.12	10:10:27.200	81.84				2
2020.08.12	10:10:27.210	81.85				2
2020.08.12	10:10:28.448		81.91			4
2020.08.12	10:10:28.449	81.84				2
2020.08.12	10:10:28.537			81.91	100.00000000	56
2020.08.12	10:10:28.927	81.86				2
2020.08.12	10:10:29.163			81.91	100.00000000	56
2020.08.12	10:10:29.163		81.93			4
2020.08.12	10:10:29.769			81.86	100.00000000	88
2020.08.12	10:10:29.770			81.86	400.00000000	88
2020.08.12	10:10:29.770	81.85				2
2020.08.12	10:10:29.771	81.84				2
2020.08.12	10:10:30.107		81.90			4
2020.08.12	10:10:30.633			81.84	300.00000000	88
2020.08.12	10:10:32.216			81.84	100.00000000	88
2020.08.12	10:10:32.216	81.83				2
2020.08.12	10:10:33.509			81.83	200.00000000	88
2020.08.12	10:10:33.509			81.83	200.00000000	88
2020.08.12	10:10:33.509			81.82	100.00000000	88
2020.08.12	10:10:33.509			81.81	100.00000000	88
2020.08.12	10:10:33.509			81.81	100.00000000	88
2020.08.12	10:10:33.509			81.81	500.00000000	88
2020.08.12	10:10:33.509	81.80				2
2020.08.12	10:10:33.510		81.89			4
2020.08.12	10:10:33.943			81.80	100.00000000	88
2020.08.12	10:10:33.943			81.80	100.00000000	88
2020.08.12	10:10:33.943			81.79	100.00000000	88
2020.08.12	10:10:33.943			81.78	100.00000000	88
2020.08.12	10:10:33.943			81.78	100.00000000	88
2020.08.12	10:10:33.943	81.78				2
2020.08.12	10:10:33.944	81.77				2
2020.08.12	10:10:33.945		81.88			4
2020.08.12	10:10:33.946		81.87			4
2020.08.12	10:10:33.948		81.86			4
2020.08.12	10:10:33.950		81.85			4
2020.08.12	10:10:33.952		81.84			4
2020.08.12	10:10:33.953			81.77	2000.00000000	88
2020.08.12	10:10:33.953	81.76				2
2020.08.12	10:10:33.954		81.83			4
2020.08.12	10:10:33.957		81.82			4
2020.08.12	10:10:34.071		81.84			4
2020.08.12	10:10:34.073		81.85			4
2020.08.12	10:10:34.074		81.86			4
2020.08.12	10:10:34.074		81.85			4
2020.08.12	10:10:35.770			81.76	100.00000000	88
2020.08.12	10:10:35.771		81.84			4
2020.08.12	10:10:35.774		81.83			4
2020.08.12	10:10:37.767		81.84			4
2020.08.12	10:10:41.602		81.79			4
2020.08.12	10:10:42.288			81.79	100.00000000	56
2020.08.12	10:10:42.562			81.76	100.00000000	88
2020.08.12	10:10:42.562			81.76	100.00000000	88
2020.08.12	10:10:42.563			81.76	100.00000000	88
2020.08.12	10:10:42.563	81.75				2
2020.08.12	10:10:42.804		81.76			4
2020.08.12	10:10:42.859			81.75	100.00000000	88
2020.08.12	10:10:42.860			81.75	900.00000000	88
2020.08.12	10:10:42.860	81.73				2
2020.08.12	10:10:42.861	81.72				2
2020.08.12	10:10:42.861	81.71				2
2020.08.12	10:10:42.861	81.70				2
2020.08.12	10:10:43.678	81.71				2
2020.08.12	10:10:44.378	81.72				2
2020.08.12	10:10:44.379	81.73				2
2020.08.12	10:10:44.400	81.74				2
2020.08.12	10:10:44.597			81.74	200.00000000	88
2020.08.12	10:10:44.597	81.73				2
2020.08.12	10:10:44.765			81.76	200.00000000	56
2020.08.12	10:10:45.107			81.76	100.00000000	56
2020.08.12	10:10:45.107			81.79	100.00000000	56
2020.08.12	10:10:45.107		81.80			4
2020.08.12	10:10:45.108		81.81			4
2020.08.12	10:10:45.108		81.80			4
2020.08.12	10:10:45.110	81.74				2
2020.08.12	10:10:45.112		81.82			4
2020.08.12	10:10:45.112		81.83			4
2020.08.12	10:10:45.191	81.79				2
2020.08.12	10:10:45.192		81.84			4
2020.08.12	10:10:45.193	81.80				2
2020.08.12	10:10:45.349			81.84	100.00000000	56
2020.08.12	10:10:45.349		81.86			4
2020.08.12	10:10:45.354		81.87			4
2020.08.12	10:10:45.354		81.88			4
2020.08.12	10:10:45.356		81.89			4
2020.08.12	10:10:45.573			81.80	100.00000000	88
2020.08.12	10:10:45.573	81.79				2
2020.08.12	10:10:45.700	81.80				2
2020.08.12	10:10:47.644			81.80	100.00000000	88
2020.08.12	10:10:47.644	81.79				2
2020.08.12	10:10:47.676		81.88			4
2020.08.12	10:10:47.997		81.87			4
2020.08.12	10:10:48.345	81.77				2
2020.08.12	10:10:48.346	81.76				2
2020.08.12	10:10:48.346		81.86			4
2020.08.12	10:10:48.347	81.75				2
2020.08.12	10:10:48.348	81.74				2
2020.08.12	10:10:48.349		81.85			4
2020.08.12	10:10:48.351		81.84			4
2020.08.12	10:10:48.354		81.83			4
2020.08.12	10:10:48.354	81.73				2
2020.08.12	10:10:48.355	81.72				2
2020.08.12	10:10:48.356		81.82			4
2020.08.12	10:10:48.357		81.81			4
2020.08.12	10:10:48.703		81.80			4
2020.08.12	10:10:48.716		81.79			4
2020.08.12	10:10:49.221		81.78			4
2020.08.12	10:10:49.411			81.72	500.00000000	88
2020.08.12	10:10:49.411	81.70				2
2020.08.12	10:10:49.412		81.77			4
2020.08.12	10:10:49.413		81.76			4
2020.08.12	10:10:49.465		81.77			4
2020.08.12	10:10:50.002		81.76			4
2020.08.12	10:10:51.991			81.70	1200.00000000	88
2020.08.12	10:10:51.991	81.68				2
2020.08.12	10:10:51.992	81.67				2
2020.08.12	10:10:51.992	81.66				2
2020.08.12	10:10:51.993		81.75			4
2020.08.12	10:10:51.994	81.65				2
2020.08.12	10:10:51.997	81.64				2
2020.08.12	10:10:51.998		81.74			4
2020.08.12	10:10:52.001		81.73			4
2020.08.12	10:10:52.003	81.63				2
2020.08.12	10:10:52.003		81.72			4
2020.08.12	10:10:52.256	81.65				2
2020.08.12	10:10:53.276		81.73			4
2020.08.12	10:10:53.276		81.74			4
2020.08.12	10:10:53.277		81.73			4
2020.08.12	10:10:53.568	81.66				2
2020.08.12	10:10:53.569		81.74			4
2020.08.12	10:10:53.570		81.75			4
2020.08.12	10:10:53.570	81.67				2
2020.08.12	10:10:53.571		81.76			4
2020.08.12	10:10:53.572		81.77			4
2020.08.12	10:10:53.572	81.68				2
2020.08.12	10:10:53.573		81.78			4
2020.08.12	10:10:53.574	81.69				2
2020.08.12	10:10:53.575		81.79			4
2020.08.12	10:10:53.575		81.78			4
2020.08.12	10:10:53.576	81.70				2
2020.08.12	10:10:53.577		81.79			4
2020.08.12	10:10:53.577	81.71				2
2020.08.12	10:10:53.579	81.72				2
2020.08.12	10:10:53.581		81.80			4
2020.08.12	10:10:53.581	81.73				2
2020.08.12	10:10:53.584		81.81			4
2020.08.12	10:10:53.671	81.72				2
2020.08.12	10:10:53.932	81.73				2
2020.08.12	10:10:55.114	81.74				2
2020.08.12	10:10:55.179	81.75				2
2020.08.12	10:10:55.645			81.75	100.00000000	88
2020.08.12	10:10:55.645	81.74				2
2020.08.12	10:10:55.645			81.81	200.00000000	56
2020.08.12	10:10:55.645			81.83	100.00000000	56
2020.08.12	10:10:55.645			81.83	200.00000000	56
2020.08.12	10:10:55.645		81.83			4
2020.08.12	10:10:55.647	81.75				2
2020.08.12	10:10:55.771	81.76				2
2020.08.12	10:10:55.866	81.75				2
2020.08.12	10:10:55.867	81.74				2
2020.08.12	10:10:55.870	81.75				2
2020.08.12	10:10:56.013	81.74				2
2020.08.12	10:10:56.023	81.75				2
2020.08.12	10:10:56.028	81.74				2
2020.08.12	10:10:56.078			81.83	100.00000000	56
2020.08.12	10:10:56.085	81.75				2
2020.08.12	10:10:57.302	81.74				2
2020.08.12	10:10:57.304		81.82			4
2020.08.12	10:10:57.305	81.73				2
2020.08.12	10:10:57.306	81.72				2
2020.08.12	10:10:57.307		81.81			4
2020.08.12	10:10:57.308	81.71				2
2020.08.12	10:10:57.308	81.70				2
2020.08.12	10:10:57.309	81.74				2
2020.08.12	10:10:57.309		81.80			4
2020.08.12	10:10:57.315	81.72				2
2020.08.12	10:10:58.854	81.75				2
2020.08.12	10:10:58.856		81.81			4
2020.08.12	10:10:59.146			81.75	100.00000000	88
2020.08.12	10:10:59.146			81.72	100.00000000	88
2020.08.12	10:10:59.146	81.71				2
2020.08.12	10:10:59.147		81.80			4
2020.08.12	10:10:59.148	81.70				2
2020.08.12	10:10:59.150		81.79			4
2020.08.12	10:10:59.151	81.72				2
2020.08.12	10:10:59.156	81.70				2
2020.08.12	10:11:00.003	81.70				2
2020.08.12	10:11:00.145		81.78			4
2020.08.12	10:11:00.761		81.77			4
2020.08.12	10:11:00.766			81.70	100.00000000	88
2020.08.12	10:11:00.766	81.69				2
2020.08.12	10:11:00.799		81.76			4
2020.08.12	10:11:00.800	81.68				2
2020.08.12	10:11:00.800		81.75			4
2020.08.12	10:11:00.829		81.76			4
2020.08.12	10:11:01.098			81.76	100.00000000	56
2020.08.12	10:11:01.098		81.77			4
2020.08.12	10:11:01.100			81.68	200.00000000	88
2020.08.12	10:11:01.100	81.67				2
2020.08.12	10:11:01.101		81.76			4
2020.08.12	10:11:01.103	81.66				2
2020.08.12	10:11:01.108	81.68				2
2020.08.12	10:11:01.115	81.66				2
2020.08.12	10:11:01.225		81.75			4
2020.08.12	10:11:01.226		81.74			4
2020.08.12	10:11:01.227	81.65				2
2020.08.12	10:11:01.682		81.73			4
2020.08.12	10:11:02.407			81.73	100.00000000	56
2020.08.12	10:11:02.533		81.72			4
2020.08.12	10:11:02.816		81.73			4
2020.08.12	10:11:03.722		81.72			4
2020.08.12	10:11:04.244		81.71			4
2020.08.12	10:11:04.726		81.70			4
2020.08.12	10:11:05.988			81.65	100.00000000	88
2020.08.12	10:11:05.988			81.65	2300.00000000	88
2020.08.12	10:11:05.994		81.69			4
2020.08.12	10:11:06.005			81.65	2100.00000000	88
2020.08.12	10:11:06.005			81.65	800.00000000	88
2020.08.12	10:11:06.006			81.65	1000.00000000	88
2020.08.12	10:11:06.006		81.68			4
2020.08.12	10:11:06.006			81.65	1400.00000000	88
2020.08.12	10:11:06.007			81.65	2400.00000000	88
2020.08.12	10:11:06.007	81.63				2
2020.08.12	10:11:06.828		81.69			4
2020.08.12	10:11:07.474		81.68			4
2020.08.12	10:11:07.478			81.63	100.00000000	88
2020.08.12	10:11:07.478			81.63	100.00000000	88
2020.08.12	10:11:07.478	81.62				2
2020.08.12	10:11:07.479		81.67			4
2020.08.12	10:11:07.523		81.68			4
2020.08.12	10:11:08.049			81.62	200.00000000	88
2020.08.12	10:11:08.049	81.60				2
2020.08.12	10:11:08.050		81.67			4
2020.08.12	10:11:08.053		81.66			4
2020.08.12	10:11:10.462	81.61				2
2020.08.12	10:11:11.038			81.66	100.00000000	56
2020.08.12	10:11:11.055	81.62				2
2020.08.12	10:11:11.982	81.60				2
2020.08.12	10:11:11.987	81.61				2
2020.08.12	10:11:11.990	81.60				2
2020.08.12	10:11:12.906			81.66	300.00000000	56
2020.08.12	10:11:12.906			81.67	200.00000000	56
2020.08.12	10:11:12.906		81.67			4
2020.08.12	10:11:12.912	81.61				2
2020.08.12	10:11:13.056			81.67	100.00000000	56
2020.08.12	10:11:13.216	81.65				2
2020.08.12	10:11:13.222			81.65	100.00000000	88
2020.08.12	10:11:13.222	81.61				2
2020.08.12	10:11:13.226	81.60				2
2020.08.12	10:11:13.232	81.61				2
2020.08.12	10:11:13.431			81.67	100.00000000	56
2020.08.12	10:11:13.431		81.68			4
2020.08.12	10:11:13.432		81.69			4
2020.08.12	10:11:13.993			81.61	200.00000000	88
2020.08.12	10:11:13.993	81.60				2
2020.08.12	10:11:13.993		81.68			4
2020.08.12	10:11:13.998	81.61				2
2020.08.12	10:11:14.004	81.60				2
2020.08.12	10:11:14.136		81.67			4
2020.08.12	10:11:14.513			81.67	100.00000000	56
2020.08.12	10:11:14.513			81.68	100.00000000	56
2020.08.12	10:11:14.513			81.68	300.00000000	56
2020.08.12	10:11:14.513		81.68			4
2020.08.12	10:11:14.513			81.68	100.00000000	56
2020.08.12	10:11:14.513			81.69	200.00000000	56
2020.08.12	10:11:14.513		81.69			4
2020.08.12	10:11:14.631	81.65				2
2020.08.12	10:11:14.956			81.65	100.00000000	88
2020.08.12	10:11:14.956	81.61				2
2020.08.12	10:11:15.123			81.61	400.00000000	88
2020.08.12	10:11:15.123			81.61	100.00000000	88
2020.08.12	10:11:15.123	81.60				2
2020.08.12	10:11:15.125		81.68			4
2020.08.12	10:11:18.263	81.61				2
2020.08.12	10:11:18.276	81.62				2
2020.08.12	10:11:18.283	81.61				2
2020.08.12	10:11:18.683	81.62				2
2020.08.12	10:11:18.719	81.65				2
2020.08.12	10:11:18.720			81.68	1500.00000000	56
2020.08.12	10:11:18.720			81.69	300.00000000	56
2020.08.12	10:11:18.720			81.69	500.00000000	56
2020.08.12	10:11:18.720		81.70			4
2020.08.12	10:11:18.721	81.66				2
2020.08.12	10:11:18.722			81.70	100.00000000	56
2020.08.12	10:11:18.722			81.70	1000.00000000	56
2020.08.12	10:11:18.722		81.72			4
2020.08.12	10:11:18.723			81.72	100.00000000	56
2020.08.12	10:11:18.723		81.75			4
2020.08.12	10:11:18.723	81.67				2
2020.08.12	10:11:18.724		81.74			4
2020.08.12	10:11:18.725	81.68				2
2020.08.12	10:11:18.725		81.75			4
2020.08.12	10:11:18.726		81.76			4
2020.08.12	10:11:18.729		81.77			4
2020.08.12	10:11:18.729		81.78			4
2020.08.12	10:11:18.729		81.77			4
2020.08.12	10:11:18.731		81.79			4
2020.08.12	10:11:18.731		81.78			4
2020.08.12	10:11:18.776	81.69				2
2020.08.12	10:11:18.777		81.79			4
2020.08.12	10:11:18.779		81.80			4
2020.08.12	10:11:18.779		81.79			4
2020.08.12	10:11:18.779	81.70				2
2020.08.12	10:11:18.781	81.71				2
2020.08.12	10:11:18.783	81.70				2
2020.08.12	10:11:19.364	81.71				2
2020.08.12	10:11:19.366		81.80			4
2020.08.12	10:11:20.836	81.70				2
2020.08.12	10:11:20.837		81.79			4
2020.08.12	10:11:21.662			81.70	100.00000000	88
2020.08.12	10:11:21.662	81.69				2
2020.08.12	10:11:21.663	81.68				2
2020.08.12	10:11:21.664	81.67				2
2020.08.12	10:11:22.471		81.78			4
2020.08.12	10:11:22.474		81.77			4
2020.08.12	10:11:22.533			81.77	100.00000000	56
2020.08.12	10:11:24.113			81.67	100.00000000	88
2020.08.12	10:11:24.113	81.66				2
2020.08.12	10:11:24.177			81.77	100.00000000	56
2020.08.12	10:11:24.239	81.67				2
2020.08.12	10:11:25.253			81.67	100.00000000	88
2020.08.12	10:11:25.253			81.66	100.00000000	88
2020.08.12	10:11:25.253			81.66	100.00000000	88
2020.08.12	10:11:25.253	81.66				2
2020.08.12	10:11:25.379	81.67				2
2020.08.12	10:11:25.803			81.67	100.00000000	88
2020.08.12	10:11:25.803			81.66	200.00000000	88
2020.08.12	10:11:25.803	81.66				2
2020.08.12	10:11:25.929	81.67				2
2020.08.12	10:11:27.597			81.67	100.00000000	88
2020.08.12	10:11:27.597			81.66	200.00000000	88
2020.08.12	10:11:27.597			81.66	100.00000000	88
2020.08.12	10:11:27.597			81.66	100.00000000	88
2020.08.12	10:11:27.597			81.65	500.00000000	88
2020.08.12	10:11:27.597	81.65				2
2020.08.12	10:11:27.599		81.76			4
2020.08.12	10:11:27.601		81.75			4
2020.08.12	10:11:27.723	81.66				2
2020.08.12	10:11:28.194			81.66	100.00000000	88
2020.08.12	10:11:28.194	81.65				2
2020.08.12	10:11:28.320	81.66				2
2020.08.12	10:11:29.773	81.70				2
2020.08.12	10:11:29.774			81.70	6600.00000000	88
2020.08.12	10:11:29.775	81.71				2
2020.08.12	10:11:29.775			81.71	100.00000000	88
2020.08.12	10:11:29.775			81.70	3300.00000000	88
2020.08.12	10:11:29.775	81.70				2
2020.08.12	10:11:29.847			81.70	100.00000000	88
2020.08.12	10:11:29.847	81.66				2
2020.08.12	10:11:29.901	81.67				2
2020.08.12	10:11:29.937			81.67	100.00000000	88
2020.08.12	10:11:29.937			81.66	100.00000000	88
2020.08.12	10:11:29.937			81.66	200.00000000	88
2020.08.12	10:11:29.937	81.66				2
2020.08.12	10:11:29.986			81.75	100.00000000	56
2020.08.12	10:11:29.986	81.75	81.76			6
2020.08.12	10:11:29.988			81.75	700.00000000	88
2020.08.12	10:11:29.988		81.79			4
2020.08.12	10:11:29.988	81.66				2
2020.08.12	10:11:29.989		81.78			4
2020.08.12	10:11:29.990	81.67				2
2020.08.12	10:11:30.064	81.68				2
2020.08.12	10:11:30.079		81.79			4
2020.08.12	10:11:30.156	81.69				2
2020.08.12	10:11:30.161		81.80			4
2020.08.12	10:11:30.201	81.70				2
2020.08.12	10:11:30.202	81.71				2
2020.08.12	10:11:30.658	81.72				2
2020.08.12	10:11:30.826		81.77			4
2020.08.12	10:11:31.162			81.72	100.00000000	88
2020.08.12	10:11:31.162	81.70				2
2020.08.12	10:11:32.937			81.77	100.00000000	56
2020.08.12	10:11:33.021			81.70	100.00000000	88
2020.08.12	10:11:33.021	81.69				2
2020.08.12	10:11:33.138			81.69	100.00000000	88
2020.08.12	10:11:33.138	81.68				2
2020.08.12	10:11:33.271	81.67				2
2020.08.12	10:11:33.272		81.76			4
2020.08.12	10:11:33.273	81.66				2
2020.08.12	10:11:33.361			81.66	100.00000000	88
2020.08.12	10:11:33.584			81.76	100.00000000	56
2020.08.12	10:11:33.585	81.67				2
2020.08.12	10:11:33.752		81.77			4
2020.08.12	10:11:34.106		81.76			4
2020.08.12	10:11:34.592	81.66				2
2020.08.12	10:11:35.083		81.75			4
2020.08.12	10:11:35.084	81.65				2
2020.08.12	10:11:35.085		81.74			4
2020.08.12	10:11:38.071	81.67				2
2020.08.12	10:11:38.478		81.75			4
2020.08.12	10:11:38.479		81.76			4
2020.08.12	10:11:38.480		81.77			4
2020.08.12	10:11:38.482	81.68				2
2020.08.12	10:11:39.664	81.67				2
2020.08.12	10:11:39.664		81.76			4
2020.08.12	10:11:39.666		81.75			4
2020.08.12	10:11:39.766			81.67	100.00000000	88
2020.08.12	10:11:39.766	81.66				2
2020.08.12	10:11:39.768		81.74			4
2020.08.12	10:11:39.769	81.65				2
2020.08.12	10:11:39.770		81.73			4
2020.08.12	10:11:39.789		81.72			4
2020.08.12	10:11:40.847		81.71			4
2020.08.12	10:11:41.494		81.70			4
2020.08.12	10:11:41.501			81.65	3000.00000000	88
2020.08.12	10:11:41.503			81.65	1500.00000000	88
2020.08.12	10:11:41.503	81.62				2
2020.08.12	10:11:41.503		81.69			4
2020.08.12	10:11:41.506		81.68			4
2020.08.12	10:11:41.512		81.67			4
2020.08.12	10:11:41.517		81.66			4
2020.08.12	10:11:41.518			81.62	100.00000000	88
2020.08.12	10:11:41.518			81.62	900.00000000	88
2020.08.12	10:11:41.518	81.60				2
2020.08.12	10:11:41.520		81.65			4
2020.08.12	10:11:42.305		81.64			4
2020.08.12	10:11:42.306		81.65			4
2020.08.12	10:11:42.537		81.66			4
2020.08.12	10:11:43.194	81.63				2
2020.08.12	10:11:43.683			81.63	100.00000000	88
2020.08.12	10:11:43.684			81.63	100.00000000	88
2020.08.12	10:11:43.684	81.60				2
2020.08.12	10:11:45.462			81.60	300.00000000	88
2020.08.12	10:11:45.462			81.60	500.00000000	88
2020.08.12	10:11:45.462			81.60	100.00000000	88
2020.08.12	10:11:45.462			81.60	500.00000000	88
2020.08.12	10:11:45.462			81.60	500.00000000	88
2020.08.12	10:11:45.462			81.60	100.00000000	88
2020.08.12	10:11:45.462			81.60	100.00000000	88
2020.08.12	10:11:45.462			81.60	200.00000000	88
2020.08.12	10:11:45.462			81.60	100.00000000	88
2020.08.12	10:11:45.462	81.58				2
2020.08.12	10:11:45.464	81.57				2
2020.08.12	10:11:45.465		81.65			4
2020.08.12	10:11:45.466	81.56				2
2020.08.12	10:11:45.468		81.64			4
2020.08.12	10:11:45.471		81.63			4
2020.08.12	10:11:45.485			81.63	100.00000000	56
2020.08.12	10:11:45.854			81.63	100.00000000	56
2020.08.12	10:11:46.237		81.62			4
2020.08.12	10:11:47.707			81.62	200.00000000	56
2020.08.12	10:11:47.707			81.63	100.00000000	56
2020.08.12	10:11:47.707			81.63	700.00000000	56
2020.08.12	10:11:47.707		81.63			4
2020.08.12	10:11:47.710		81.62			4
2020.08.12	10:11:47.716		81.63			4
2020.08.12	10:11:49.395	81.61				2
2020.08.12	10:11:49.874			81.61	100.00000000	88
2020.08.12	10:11:49.874	81.57				2
2020.08.12	10:11:49.875	81.56				2
2020.08.12	10:11:49.987			81.63	100.00000000	56
2020.08.12	10:11:50.092	81.57				2
2020.08.12	10:11:52.178			81.57	500.00000000	88
2020.08.12	10:11:52.178			81.57	200.00000000	88
2020.08.12	10:11:52.178			81.56	100.00000000	88
2020.08.12	10:11:52.178			81.56	200.00000000	88
2020.08.12	10:11:52.178	81.55				2
2020.08.12	10:11:52.178			81.55	200.00000000	88
2020.08.12	10:11:52.178			81.55	200.00000000	88
2020.08.12	10:11:52.178			81.55	100.00000000	88
2020.08.12	10:11:52.178			81.55	100.00000000	88
2020.08.12	10:11:52.178			81.54	200.00000000	88
2020.08.12	10:11:52.178			81.54	100.00000000	88
2020.08.12	10:11:52.178			81.54	100.00000000	88
2020.08.12	10:11:52.178			81.53	100.00000000	88
2020.08.12	10:11:52.178			81.53	100.00000000	88
2020.08.12	10:11:52.178			81.53	100.00000000	88
2020.08.12	10:11:52.178	81.53	81.59			6
2020.08.12	10:11:52.179	81.55				2
2020.08.12	10:11:52.180	81.53				2
2020.08.12	10:11:52.180	81.52				2
2020.08.12	10:11:52.184			81.52	100.00000000	88
2020.08.12	10:11:52.406		81.58			4
2020.08.12	10:11:53.776			81.52	100.00000000	88
2020.08.12	10:11:54.528			81.58	100.00000000	56
2020.08.12	10:11:54.814		81.57			4
2020.08.12	10:11:55.427			81.52	100.00000000	88
2020.08.12	10:11:55.622			81.52	200.00000000	88
2020.08.12	10:11:55.622			81.52	100.00000000	88
2020.08.12	10:11:55.622	81.50				2
2020.08.12	10:11:58.082	81.52				2
2020.08.12	10:11:58.220			81.57	200.00000000	56
2020.08.12	10:11:59.167			81.52	100.00000000	88
2020.08.12	10:11:59.167	81.50				2
2020.08.12	10:12:00.140	81.50				2
2020.08.12	10:12:02.138			81.50	100.00000000	88
2020.08.12	10:12:02.138			81.50	900.00000000	88
2020.08.12	10:12:02.138			81.50	100.00000000	88
2020.08.12	10:12:02.138			81.50	400.00000000	88
2020.08.12	10:12:02.138		81.51			4
2020.08.12	10:12:02.140			81.51	100.00000000	56
2020.08.12	10:12:02.140		81.56			4
2020.08.12	10:12:02.141			81.50	100.00000000	88
2020.08.12	10:12:02.141			81.50	200.00000000	88
2020.08.12	10:12:02.141			81.50	500.00000000	88
2020.08.12	10:12:02.141			81.50	300.00000000	88
2020.08.12	10:12:02.141	81.48	81.50			6
2020.08.12	10:12:02.207			81.48	200.00000000	88
2020.08.12	10:12:02.207	81.46				2
2020.08.12	10:12:02.306	81.45				2
2020.08.12	10:12:02.790			81.50	100.00000000	56
2020.08.12	10:12:03.041			81.45	700.00000000	88
2020.08.12	10:12:03.041			81.45	300.00000000	88
2020.08.12	10:12:03.041	81.42				2
2020.08.12	10:12:03.042	81.41				2
2020.08.12	10:12:03.042		81.49			4
2020.08.12	10:12:03.043	81.40				2
2020.08.12	10:12:03.045		81.48			4
2020.08.12	10:12:03.320		81.47			4
2020.08.12	10:12:03.337	81.45				2
2020.08.12	10:12:03.366		81.48			4
2020.08.12	10:12:03.367		81.49			4
2020.08.12	10:12:03.372		81.50			4
2020.08.12	10:12:03.443			81.45	700.00000000	88
2020.08.12	10:12:03.443			81.42	100.00000000	88
2020.08.12	10:12:03.443			81.41	500.00000000	88
2020.08.12	10:12:03.443			81.41	100.00000000	88
2020.08.12	10:12:03.443			81.41	100.00000000	88
2020.08.12	10:12:03.443	81.41				2
2020.08.12	10:12:03.520			81.41	100.00000000	88
2020.08.12	10:12:03.520			81.40	900.00000000	88
2020.08.12	10:12:03.520	81.40				2
2020.08.12	10:12:03.520			81.40	1000.00000000	88
2020.08.12	10:12:03.521		81.49			4
2020.08.12	10:12:03.984			81.40	700.00000000	88
2020.08.12	10:12:03.984			81.40	100.00000000	88
2020.08.12	10:12:03.984			81.40	100.00000000	88
2020.08.12	10:12:03.984			81.40	600.00000000	88
2020.08.12	10:12:03.985			81.40	400.00000000	88
2020.08.12	10:12:03.985		81.48			4
2020.08.12	10:12:03.985	81.39				2
2020.08.12	10:12:03.986		81.47			4
2020.08.12	10:12:03.987	81.38				2
2020.08.12	10:12:04.213			81.38	100.00000000	88
2020.08.12	10:12:04.213	81.37	81.38			6
2020.08.12	10:12:04.214	81.36				2
2020.08.12	10:12:04.215	81.35				2
2020.08.12	10:12:04.215			81.38	600.00000000	56
2020.08.12	10:12:04.215		81.47			4
2020.08.12	10:12:04.215		81.46			4
2020.08.12	10:12:04.215		81.43			4
2020.08.12	10:12:04.216		81.42			4
2020.08.12	10:12:04.216	81.36				2
2020.08.12	10:12:04.217		81.46			4
2020.08.12	10:12:04.218		81.45			4
2020.08.12	10:12:04.219	81.35				2
2020.08.12	10:12:04.231		81.39			4
2020.08.12	10:12:04.299			81.35	600.00000000	88
2020.08.12	10:12:04.302			81.35	100.00000000	88
2020.08.12	10:12:04.559			81.39	100.00000000	56
2020.08.12	10:12:04.559		81.42			4
2020.08.12	10:12:04.560		81.43			4
2020.08.12	10:12:04.560		81.44			4
2020.08.12	10:12:04.563		81.45			4
2020.08.12	10:12:04.564		81.46			4
2020.08.12	10:12:04.564	81.36				2
2020.08.12	10:12:04.565		81.47			4
2020.08.12	10:12:04.565		81.46			4
2020.08.12	10:12:04.657	81.37				2
2020.08.12	10:12:04.954			81.37	100.00000000	88
2020.08.12	10:12:04.954			81.37	100.00000000	88
2020.08.12	10:12:04.954			81.37	300.00000000	88
2020.08.12	10:12:04.954			81.36	100.00000000	88
2020.08.12	10:12:04.954			81.36	100.00000000	88
2020.08.12	10:12:04.954			81.36	500.00000000	88
2020.08.12	10:12:04.954			81.36	700.00000000	88
2020.08.12	10:12:04.954			81.35	100.00000000	88
2020.08.12	10:12:04.954			81.35	200.00000000	88
2020.08.12	10:12:04.954	81.35				2
2020.08.12	10:12:04.955		81.45			4
2020.08.12	10:12:05.066			81.35	300.00000000	88
2020.08.12	10:12:05.066			81.34	100.00000000	88
2020.08.12	10:12:05.066			81.34	100.00000000	88
2020.08.12	10:12:05.066			81.34	300.00000000	88
2020.08.12	10:12:05.066			81.33	500.00000000	88
2020.08.12	10:12:05.066			81.33	200.00000000	88
2020.08.12	10:12:05.066			81.33	100.00000000	88
2020.08.12	10:12:05.066			81.33	100.00000000	88
2020.08.12	10:12:05.066			81.33	500.00000000	88
2020.08.12	10:12:05.066	81.32				2
2020.08.12	10:12:05.067		81.44			4
2020.08.12	10:12:05.069		81.43			4
2020.08.12	10:12:05.070		81.42			4
2020.08.12	10:12:05.249			81.32	200.00000000	88
2020.08.12	10:12:05.249			81.31	300.00000000	88
2020.08.12	10:12:05.249			81.31	100.00000000	88
2020.08.12	10:12:05.249			81.31	100.00000000	88
2020.08.12	10:12:05.249			81.31	200.00000000	88
2020.08.12	10:12:05.249			81.31	100.00000000	88
2020.08.12	10:12:05.249			81.30	100.00000000	88
2020.08.12	10:12:05.249			81.30	300.00000000	88
2020.08.12	10:12:05.249			81.30	100.00000000	88
2020.08.12	10:12:05.249	81.30				2
2020.08.12	10:12:05.250			81.30	300.00000000	88
2020.08.12	10:12:05.250			81.30	400.00000000	88
2020.08.12	10:12:05.251		81.41			4
2020.08.12	10:12:05.252	81.31				2
2020.08.12	10:12:05.253		81.40			4
2020.08.12	10:12:05.254			81.31	100.00000000	88
2020.08.12	10:12:05.254	81.30				2
2020.08.12	10:12:05.303			81.30	700.00000000	88
2020.08.12	10:12:05.304			81.30	200.00000000	88
2020.08.12	10:12:05.304		81.39			4
