<DATE>	<TIME>	<BID>	<ASK>	<LAST>	<VOLUME>	<FLAGS>
2020.08.11	06:00:01.447	81.77	82.12			6
2020.08.11	06:20:52.884	81.77	82.12			6
2020.08.11	09:30:25.510	81.77	82.12			6
2020.08.11	09:38:55.686	81.77	82.12			6
2020.08.11	09:45:00.042	81.77	82.12			6
2020.08.11	09:45:00.453	81.80				2
2020.08.11	09:45:02.233	81.93				2
2020.08.11	09:45:04.701	81.95				2
2020.08.11	09:45:23.219	81.98				2
2020.08.11	09:45:24.349	82.12				2
2020.08.11	09:45:31.348	82.20				2
2020.08.11	09:45:31.779		72.10			4
2020.08.11	09:45:33.126	82.43				2
2020.08.11	09:45:34.794	86.00				2
2020.08.11	09:46:00.177	86.00				2
2020.08.11	10:10:29.830			82.70	500.00000000	56
2020.08.11	10:10:29.830			82.70	900.00000000	56
2020.08.11	10:10:29.830			82.70	200.00000000	56
2020.08.11	10:10:29.830			82.70	200.00000000	56
2020.08.11	10:10:29.830			82.70	200.00000000	56
2020.08.11	10:10:29.830			82.70	100.00000000	56
2020.08.11	10:10:29.830			82.70	200.00000000	56
2020.08.11	10:10:29.830			82.70	200.00000000	56
2020.08.11	10:10:29.830			82.70	200.00000000	56
2020.08.11	10:10:29.830			82.70	200.00000000	56
2020.08.11	10:10:29.830			82.70	100.00000000	56
2020.08.11	10:10:29.830			82.70	100.00000000	56
2020.08.11	10:10:29.830			82.70	500.00000000	56
2020.08.11	10:10:29.830			82.70	300.00000000	56
2020.08.11	10:10:29.830			82.70	300.00000000	56
2020.08.11	10:10:29.830			82.70	300.00000000	56
2020.08.11	10:10:29.830			82.70	100.00000000	56
2020.08.11	10:10:29.830			82.70	100.00000000	56
2020.08.11	10:10:29.830			82.70	300.00000000	56
2020.08.11	10:10:29.830			82.70	100.00000000	56
2020.08.11	10:10:29.830			82.70	100.00000000	56
2020.08.11	10:10:29.830			82.70	200.00000000	56
2020.08.11	10:10:29.830			82.70	200.00000000	56
2020.08.11	10:10:29.830			82.70	200.00000000	56
2020.08.11	10:10:29.830			82.70	100.00000000	56
2020.08.11	10:10:29.830			82.70	100.00000000	56
2020.08.11	10:10:29.830			82.70	100.00000000	56
2020.08.11	10:10:29.830			82.70	100.00000000	56
2020.08.11	10:10:29.830			82.70	100.00000000	56
2020.08.11	10:10:29.830			82.70	100.00000000	56
2020.08.11	10:10:29.830			82.70	900.00000000	56
2020.08.11	10:10:29.830			82.70	300.00000000	56
2020.08.11	10:10:29.830			82.70	400.00000000	56
2020.08.11	10:10:29.830			82.70	300.00000000	56
2020.08.11	10:10:29.830			82.70	300.00000000	56
2020.08.11	10:10:29.830			82.70	100.00000000	56
2020.08.11	10:10:29.830			82.70	100.00000000	56
2020.08.11	10:10:29.830			82.70	600.00000000	56
2020.08.11	10:10:29.830			82.70	1000.00000000	56
2020.08.11	10:10:29.830			82.70	200.00000000	56
2020.08.11	10:10:29.830			82.70	200.00000000	56
2020.08.11	10:10:29.830			82.70	400.00000000	56
2020.08.11	10:10:29.830			82.70	100.00000000	56
2020.08.11	10:10:29.830			82.70	100.00000000	56
2020.08.11	10:10:29.830			82.70	200.00000000	56
2020.08.11	10:10:29.830			82.70	100.00000000	56
2020.08.11	10:10:29.830			82.70	100.00000000	56
2020.08.11	10:10:29.830			82.70	100.00000000	56
2020.08.11	10:10:29.830			82.70	100.00000000	56
2020.08.11	10:10:29.830			82.70	100.00000000	56
2020.08.11	10:10:29.830			82.70	100.00000000	56
2020.08.11	10:10:29.830			82.70	200.00000000	56
2020.08.11	10:10:29.830			82.70	200.00000000	56
2020.08.11	10:10:29.830			82.70	100.00000000	56
2020.08.11	10:10:29.830			82.70	500.00000000	56
2020.08.11	10:10:29.830			82.70	100.00000000	56
2020.08.11	10:10:29.830			82.70	300.00000000	56
2020.08.11	10:10:29.830			82.70	300.00000000	56
2020.08.11	10:10:29.830			82.70	100.00000000	56
2020.08.11	10:10:29.830			82.70	300.00000000	56
2020.08.11	10:10:29.830			82.70	400.00000000	56
2020.08.11	10:10:29.830			82.70	400.00000000	56
2020.08.11	10:10:29.830			82.70	400.00000000	56
2020.08.11	10:10:29.830			82.70	600.00000000	56
2020.08.11	10:10:29.830			82.70	600.00000000	56
2020.08.11	10:10:29.830			82.70	200.00000000	56
2020.08.11	10:10:29.830			82.70	200.00000000	56
2020.08.11	10:10:29.830			82.70	200.00000000	56
2020.08.11	10:10:29.830			82.70	400.00000000	56
2020.08.11	10:10:29.830			82.70	400.00000000	56
2020.08.11	10:10:29.830			82.70	100.00000000	56
2020.08.11	10:10:29.830			82.70	600.00000000	56
2020.08.11	10:10:29.830			82.70	1200.00000000	56
2020.08.11	10:10:29.830			82.70	100.00000000	56
2020.08.11	10:10:29.830			82.70	100.00000000	56
2020.08.11	10:10:29.830			82.70	200.00000000	56
2020.08.11	10:10:29.830			82.70	300.00000000	56
2020.08.11	10:10:29.830			82.70	100.00000000	56
2020.08.11	10:10:29.830			82.70	500.00000000	56
2020.08.11	10:10:29.830			82.70	200.00000000	56
2020.08.11	10:10:29.830			82.70	400.00000000	56
2020.08.11	10:10:29.830			82.70	400.00000000	56
2020.08.11	10:10:29.830			82.70	100.00000000	56
2020.08.11	10:10:29.830			82.70	300.00000000	56
2020.08.11	10:10:29.830			82.70	400.00000000	56
2020.08.11	10:10:29.830			82.70	100.00000000	56
2020.08.11	10:10:29.830			82.70	400.00000000	56
2020.08.11	10:10:29.830			82.70	400.00000000	56
2020.08.11	10:10:29.830			82.70	300.00000000	56
2020.08.11	10:10:29.830			82.70	400.00000000	56
2020.08.11	10:10:29.830			82.70	200.00000000	56
2020.08.11	10:10:29.830			82.70	200.00000000	56
2020.08.11	10:10:29.830			82.70	100.00000000	56
2020.08.11	10:10:29.830			82.70	200.00000000	56
2020.08.11	10:10:29.830			82.70	500.00000000	56
2020.08.11	10:10:29.830			82.70	500.00000000	56
2020.08.11	10:10:29.830			82.70	100.00000000	56
2020.08.11	10:10:29.830			82.70	100.00000000	56
2020.08.11	10:10:29.830			82.70	200.00000000	56
2020.08.11	10:10:29.830			82.70	100.00000000	56
2020.08.11	10:10:29.830			82.70	100.00000000	56
2020.08.11	10:10:29.830			82.70	400.00000000	56
2020.08.11	10:10:29.830			82.70	500.00000000	56
2020.08.11	10:10:29.830			82.70	700.00000000	56
2020.08.11	10:10:29.830			82.70	100.00000000	56
2020.08.11	10:10:29.830			82.70	100.00000000	56
2020.08.11	10:10:29.830			82.70	200.00000000	56
2020.08.11	10:10:29.830			82.70	200.00000000	56
2020.08.11	10:10:29.830			82.70	100.00000000	56
2020.08.11	10:10:29.830			82.70	100.00000000	56
2020.08.11	10:10:29.830			82.70	200.00000000	56
2020.08.11	10:10:29.830			82.70	100.00000000	56
2020.08.11	10:10:29.830			82.70	100.00000000	56
2020.08.11	10:10:29.830			82.70	100.00000000	56
2020.08.11	10:10:29.830			82.70	100.00000000	56
2020.08.11	10:10:29.830			82.70	100.00000000	56
2020.08.11	10:10:29.830			82.70	400.00000000	56
2020.08.11	10:10:29.830			82.70	100.00000000	56
2020.08.11	10:10:29.830			82.70	500.00000000	56
2020.08.11	10:10:29.830			82.70	100.00000000	56
2020.08.11	10:10:29.830			82.70	100.00000000	56
2020.08.11	10:10:29.830			82.70	100.00000000	56
2020.08.11	10:10:29.830			82.70	200.00000000	56
2020.08.11	10:10:29.830			82.70	200.00000000	56
2020.08.11	10:10:29.830			82.70	2000.00000000	56
2020.08.11	10:10:29.830			82.70	100.00000000	56
2020.08.11	10:10:29.830			82.70	500.00000000	56
2020.08.11	10:10:29.830			82.70	100.00000000	56
2020.08.11	10:10:29.830			82.70	100.00000000	56
2020.08.11	10:10:29.830			82.70	200.00000000	56
2020.08.11	10:10:29.830			82.70	100.00000000	56
2020.08.11	10:10:29.830			82.70	1000.00000000	56
2020.08.11	10:10:29.830			82.70	100.00000000	56
2020.08.11	10:10:29.830			82.70	100.00000000	56
2020.08.11	10:10:29.830			82.70	200.00000000	56
2020.08.11	10:10:29.830			82.70	100.00000000	56
2020.08.11	10:10:29.830			82.70	100.00000000	56
2020.08.11	10:10:29.830			82.70	300.00000000	56
2020.08.11	10:10:29.830			82.70	100.00000000	56
2020.08.11	10:10:29.830			82.70	100.00000000	56
2020.08.11	10:10:29.830			82.70	100.00000000	56
2020.08.11	10:10:29.830			82.70	100.00000000	56
2020.08.11	10:10:29.830			82.70	700.00000000	56
2020.08.11	10:10:29.830			82.70	200.00000000	56
2020.08.11	10:10:29.830			82.70	700.00000000	56
2020.08.11	10:10:29.830			82.70	200.00000000	56
2020.08.11	10:10:29.830			82.70	100.00000000	56
2020.08.11	10:10:29.830			82.70	200.00000000	56
2020.08.11	10:10:29.830			82.70	500.00000000	56
2020.08.11	10:10:29.830			82.70	300.00000000	56
2020.08.11	10:10:29.830			82.70	600.00000000	56
2020.08.11	10:10:29.830			82.70	100.00000000	56
2020.08.11	10:10:29.831			82.70	200.00000000	56
2020.08.11	10:10:29.831			82.70	100.00000000	56
2020.08.11	10:10:29.831			82.70	400.00000000	56
2020.08.11	10:10:29.831			82.70	3000.00000000	56
2020.08.11	10:10:29.831			82.70	900.00000000	56
2020.08.11	10:10:29.831			82.70	600.00000000	56
2020.08.11	10:10:29.831			82.70	100.00000000	56
2020.08.11	10:10:29.831			82.70	100.00000000	56
2020.08.11	10:10:29.831			82.70	900.00000000	56
2020.08.11	10:10:29.831			82.70	100.00000000	56
2020.08.11	10:10:29.831			82.70	600.00000000	56
2020.08.11	10:10:29.831			82.70	300.00000000	56
2020.08.11	10:10:29.831			82.70	100.00000000	56
2020.08.11	10:10:29.831			82.70	500.00000000	56
2020.08.11	10:10:29.831			82.70	700.00000000	56
2020.08.11	10:10:29.831			82.70	700.00000000	56
2020.08.11	10:10:29.831			82.70	300.00000000	56
2020.08.11	10:10:29.831			82.70	100.00000000	56
2020.08.11	10:10:29.831			82.70	600.00000000	56
2020.08.11	10:10:29.831			82.70	100.00000000	56
2020.08.11	10:10:29.831			82.70	1500.00000000	56
2020.08.11	10:10:29.831			82.70	1200.00000000	56
2020.08.11	10:10:29.831			82.70	200.00000000	56
2020.08.11	10:10:29.831			82.70	400.00000000	56
2020.08.11	10:10:29.831			82.70	800.00000000	56
2020.08.11	10:10:29.831			82.70	200.00000000	56
2020.08.11	10:10:29.831			82.70	300.00000000	56
2020.08.11	10:10:29.831			82.70	400.00000000	56
2020.08.11	10:10:29.831			82.70	100.00000000	56
2020.08.11	10:10:29.831			82.70	200.00000000	56
2020.08.11	10:10:29.831			82.70	100.00000000	56
2020.08.11	10:10:29.831			82.70	500.00000000	56
2020.08.11	10:10:29.831			82.70	200.00000000	56
2020.08.11	10:10:29.831			82.70	200.00000000	56
2020.08.11	10:10:29.831			82.70	100.00000000	56
2020.08.11	10:10:29.831			82.70	100.00000000	56
2020.08.11	10:10:29.831			82.70	100.00000000	56
2020.08.11	10:10:29.831			82.70	100.00000000	56
2020.08.11	10:10:29.831			82.70	200.00000000	56
2020.08.11	10:10:29.831			82.70	100.00000000	56
2020.08.11	10:10:29.831			82.70	300.00000000	56
2020.08.11	10:10:29.831			82.70	200.00000000	56
2020.08.11	10:10:29.831			82.70	100.00000000	56
2020.08.11	10:10:29.831			82.70	300.00000000	56
2020.08.11	10:10:29.831			82.70	100.00000000	56
2020.08.11	10:10:29.831			82.70	100.00000000	56
2020.08.11	10:10:29.831			82.70	100.00000000	56
2020.08.11	10:10:29.831			82.70	100.00000000	56
2020.08.11	10:10:29.831			82.70	100.00000000	56
2020.08.11	10:10:29.831			82.70	100.00000000	56
2020.08.11	10:10:29.831			82.70	100.00000000	56
2020.08.11	10:10:29.831			82.70	100.00000000	56
2020.08.11	10:10:29.831			82.70	200.00000000	56
2020.08.11	10:10:29.831			82.70	100.00000000	56
2020.08.11	10:10:29.831			82.70	100.00000000	56
2020.08.11	10:10:29.831			82.70	100.00000000	56
2020.08.11	10:10:29.831	82.69	82.72			6
2020.08.11	10:10:29.835			82.72	100.00000000	56
2020.08.11	10:10:29.841			82.72	200.00000000	56
2020.08.11	10:10:29.841		82.75			4
2020.08.11	10:10:29.841	82.70				2
2020.08.11	10:10:29.848		82.73			4
2020.08.11	10:10:29.849			82.73	100.00000000	56
2020.08.11	10:10:29.849		82.75			4
2020.08.11	10:10:29.851		82.76			4
2020.08.11	10:10:29.870			82.76	100.00000000	56
2020.08.11	10:10:29.870		82.79			4
2020.08.11	10:10:29.870		82.72			4
2020.08.11	10:10:29.873			82.72	100.00000000	56
2020.08.11	10:10:29.873		82.79			4
2020.08.11	10:10:29.877	82.71				2
2020.08.11	10:10:29.890	82.72				2
2020.08.11	10:10:29.948	82.73				2
2020.08.11	10:10:29.949			82.79	100.00000000	56
2020.08.11	10:10:29.949			82.80	100.00000000	56
2020.08.11	10:10:29.949			82.80	3000.00000000	56
2020.08.11	10:10:29.949			82.80	1500.00000000	56
2020.08.11	10:10:29.949		82.80			4
2020.08.11	10:10:29.949	82.74				2
2020.08.11	10:10:29.950	82.75				2
2020.08.11	10:10:29.951	82.76				2
2020.08.11	10:10:29.952			82.80	100.00000000	56
2020.08.11	10:10:29.952			82.80	200.00000000	56
2020.08.11	10:10:29.952	82.77				2
2020.08.11	10:10:29.952		82.81			4
2020.08.11	10:10:29.953	82.78				2
2020.08.11	10:10:29.985			82.78	500.00000000	88
2020.08.11	10:10:29.985			82.78	100.00000000	88
2020.08.11	10:10:29.985			82.77	100.00000000	88
2020.08.11	10:10:29.985			82.77	100.00000000	88
2020.08.11	10:10:29.985	82.77				2
2020.08.11	10:10:29.987			82.77	900.00000000	88
2020.08.11	10:10:29.987			82.76	500.00000000	88
2020.08.11	10:10:29.987			82.76	100.00000000	88
2020.08.11	10:10:29.987			82.75	100.00000000	88
2020.08.11	10:10:29.987			82.74	100.00000000	88
2020.08.11	10:10:29.987			82.73	100.00000000	88
2020.08.11	10:10:29.987			82.72	100.00000000	88
2020.08.11	10:10:29.987			82.71	100.00000000	88
2020.08.11	10:10:29.987			82.70	100.00000000	88
2020.08.11	10:10:29.987			82.70	500.00000000	88
2020.08.11	10:10:29.987			82.69	200.00000000	88
2020.08.11	10:10:29.987			82.69	100.00000000	88
2020.08.11	10:10:29.987	82.68				2
2020.08.11	10:10:29.988	82.69				2
2020.08.11	10:10:29.988		82.80			4
2020.08.11	10:10:29.989	82.70				2
2020.08.11	10:10:30.030	82.75				2
2020.08.11	10:10:30.031		82.81			4
2020.08.11	10:10:30.031	82.76				2
2020.08.11	10:10:30.299			82.76	500.00000000	88
2020.08.11	10:10:30.299	82.75				2
2020.08.11	10:10:30.300		82.80			4
2020.08.11	10:10:30.305	82.77				2
2020.08.11	10:10:30.306		82.81			4
2020.08.11	10:10:30.423			82.81	100.00000000	56
2020.08.11	10:10:30.441		82.80			4
2020.08.11	10:10:30.468			82.77	100.00000000	88
2020.08.11	10:10:30.468	82.75				2
2020.08.11	10:10:30.615			82.75	800.00000000	88
2020.08.11	10:10:30.615			82.75	1300.00000000	88
2020.08.11	10:10:30.615			82.75	100.00000000	88
2020.08.11	10:10:30.615			82.75	100.00000000	88
2020.08.11	10:10:30.615			82.75	100.00000000	88
2020.08.11	10:10:30.615			82.75	100.00000000	88
2020.08.11	10:10:30.615			82.75	200.00000000	88
2020.08.11	10:10:30.615			82.75	100.00000000	88
2020.08.11	10:10:30.615	82.74				2
2020.08.11	10:10:30.616	82.73				2
2020.08.11	10:10:30.616	82.70				2
2020.08.11	10:10:30.616		82.79			4
2020.08.11	10:10:30.617	82.71				2
2020.08.11	10:10:30.807	82.72				2
2020.08.11	10:10:30.846		82.78			4
2020.08.11	10:10:30.852	82.71				2
2020.08.11	10:10:30.888			82.71	400.00000000	88
2020.08.11	10:10:30.888			82.71	100.00000000	88
2020.08.11	10:10:30.888	82.70				2
2020.08.11	10:10:31.015	82.71				2
2020.08.11	10:10:31.101			82.71	100.00000000	88
2020.08.11	10:10:31.101			82.70	500.00000000	88
2020.08.11	10:10:31.101			82.70	100.00000000	88
2020.08.11	10:10:31.101	82.69				2
2020.08.11	10:10:31.102		82.77			4
2020.08.11	10:10:31.103		82.76			4
2020.08.11	10:10:31.154		82.70			4
2020.08.11	10:10:31.156			82.70	100.00000000	56
2020.08.11	10:10:31.156		82.74			4
2020.08.11	10:10:31.156		82.73			4
2020.08.11	10:10:31.317			82.69	100.00000000	88
2020.08.11	10:10:31.317	82.68				2
2020.08.11	10:10:31.318			82.73	500.00000000	56
2020.08.11	10:10:31.318			82.75	100.00000000	56
2020.08.11	10:10:31.318		82.75			4
2020.08.11	10:10:31.319		82.74			4
2020.08.11	10:10:31.319	82.69				2
2020.08.11	10:10:31.319		82.73			4
2020.08.11	10:10:31.323	82.68				2
2020.08.11	10:10:31.528			82.68	900.00000000	88
2020.08.11	10:10:31.529		82.72			4
2020.08.11	10:10:31.843		82.73			4
2020.08.11	10:10:32.096	82.69				2
2020.08.11	10:10:32.359	82.70				2
2020.08.11	10:10:32.528			82.73	100.00000000	56
2020.08.11	10:10:32.530			82.73	600.00000000	56
2020.08.11	10:10:32.530			82.73	200.00000000	56
2020.08.11	10:10:32.530		82.75			4
2020.08.11	10:10:32.531	82.71				2
2020.08.11	10:10:33.065			82.71	100.00000000	88
2020.08.11	10:10:33.220			82.71	200.00000000	88
2020.08.11	10:10:33.221	82.70				2
2020.08.11	10:10:33.244			82.70	100.00000000	88
2020.08.11	10:10:33.244			82.70	100.00000000	88
2020.08.11	10:10:33.244	82.69				2
2020.08.11	10:10:33.245		82.74			4
2020.08.11	10:10:33.317			82.74	500.00000000	56
2020.08.11	10:10:33.317		82.75			4
2020.08.11	10:10:33.318	82.70				2
2020.08.11	10:10:33.422			82.70	100.00000000	88
2020.08.11	10:10:33.422	82.69				2
2020.08.11	10:10:33.529			82.75	100.00000000	56
2020.08.11	10:10:33.530	82.70				2
2020.08.11	10:10:33.631		82.76			4
2020.08.11	10:10:33.685			82.76	100.00000000	56
2020.08.11	10:10:33.772	82.71				2
2020.08.11	10:10:33.834			82.76	100.00000000	56
2020.08.11	10:10:33.836	82.72				2
2020.08.11	10:10:33.996			82.72	100.00000000	88
2020.08.11	10:10:33.996	82.71				2
2020.08.11	10:10:34.118			82.76	100.00000000	56
2020.08.11	10:10:34.118		82.77			4
2020.08.11	10:10:34.318			82.77	100.00000000	56
2020.08.11	10:10:34.510			82.77	100.00000000	56
2020.08.11	10:10:34.510		82.78			4
2020.08.11	10:10:34.511	82.72				2
2020.08.11	10:10:34.511		82.79			4
2020.08.11	10:10:34.511		82.78			4
2020.08.11	10:10:34.517	82.73				2
2020.08.11	10:10:34.518	82.74				2
2020.08.11	10:10:34.719			82.78	100.00000000	56
2020.08.11	10:10:34.935			82.78	100.00000000	56
2020.08.11	10:10:34.936	82.75				2
2020.08.11	10:10:34.951	82.74				2
2020.08.11	10:10:34.961			82.78	100.00000000	56
2020.08.11	10:10:34.961		82.80			4
2020.08.11	10:10:35.064	82.75				2
2020.08.11	10:10:35.065	82.76				2
2020.08.11	10:10:36.116			82.76	500.00000000	88
2020.08.11	10:10:36.116			82.75	100.00000000	88
2020.08.11	10:10:36.116			82.74	400.00000000	88
2020.08.11	10:10:36.116	82.74				2
2020.08.11	10:10:36.307			82.80	100.00000000	56
2020.08.11	10:10:36.307	82.80	82.81			6
2020.08.11	10:10:36.831			82.81	400.00000000	56
2020.08.11	10:10:36.831			82.81	100.00000000	56
2020.08.11	10:10:36.831			82.81	100.00000000	56
2020.08.11	10:10:37.099			82.81	100.00000000	56
2020.08.11	10:10:38.243			82.80	1000.00000000	88
2020.08.11	10:10:38.243			82.80	100.00000000	88
2020.08.11	10:10:38.249			82.80	1000.00000000	88
2020.08.11	10:10:38.250			82.80	100.00000000	88
2020.08.11	10:10:38.494			82.81	100.00000000	56
2020.08.11	10:10:38.494			82.81	100.00000000	56
2020.08.11	10:10:38.494			82.81	300.00000000	56
2020.08.11	10:10:38.978			82.81	100.00000000	56
2020.08.11	10:10:40.470			82.81	100.00000000	56
2020.08.11	10:10:40.667	82.77				2
2020.08.11	10:10:40.668	82.78				2
2020.08.11	10:10:42.250			82.78	100.00000000	88
2020.08.11	10:10:42.702			82.81	100.00000000	56
2020.08.11	10:10:43.091			82.81	100.00000000	56
2020.08.11	10:10:43.539			82.78	400.00000000	88
2020.08.11	10:10:43.539			82.78	100.00000000	88
2020.08.11	10:10:44.634			82.78	100.00000000	88
2020.08.11	10:10:45.508	82.79				2
2020.08.11	10:10:46.359			82.81	100.00000000	56
2020.08.11	10:10:46.359			82.81	200.00000000	56
2020.08.11	10:10:46.359			82.81	100.00000000	56
2020.08.11	10:10:46.359			82.81	100.00000000	56
2020.08.11	10:10:46.359		82.82			4
2020.08.11	10:10:46.729			82.79	200.00000000	88
2020.08.11	10:10:47.627			82.79	300.00000000	88
2020.08.11	10:10:47.627			82.78	200.00000000	88
2020.08.11	10:10:47.627	82.78				2
2020.08.11	10:10:47.687			82.78	100.00000000	88
2020.08.11	10:10:47.687			82.78	100.00000000	88
2020.08.11	10:10:48.101	82.79				2
2020.08.11	10:10:48.214	82.78				2
2020.08.11	10:10:48.615		82.80			4
2020.08.11	10:10:48.629			82.80	100.00000000	56
2020.08.11	10:10:48.629	82.80	82.82			6
2020.08.11	10:10:49.097			82.82	100.00000000	56
2020.08.11	10:10:49.097		82.83			4
2020.08.11	10:10:49.098	82.81				2
2020.08.11	10:10:49.099			82.83	200.00000000	56
2020.08.11	10:10:49.771			82.83	100.00000000	56
2020.08.11	10:10:51.401			82.81	400.00000000	88
2020.08.11	10:10:51.402	82.80				2
2020.08.11	10:10:51.587			82.80	300.00000000	88
2020.08.11	10:10:51.599			82.80	200.00000000	88
2020.08.11	10:10:51.603			82.80	400.00000000	88
2020.08.11	10:10:51.603	82.78				2
2020.08.11	10:10:51.605		82.82			4
2020.08.11	10:10:52.445			82.82	100.00000000	56
2020.08.11	10:10:52.445			82.82	100.00000000	56
2020.08.11	10:10:52.765			82.78	200.00000000	88
2020.08.11	10:10:52.765			82.78	500.00000000	88
2020.08.11	10:10:52.765	82.76				2
2020.08.11	10:10:52.766	82.74				2
2020.08.11	10:10:52.766		82.81			4
2020.08.11	10:10:52.767		82.80			4
2020.08.11	10:10:52.825	82.79				2
2020.08.11	10:10:52.827			82.79	200.00000000	88
2020.08.11	10:10:52.827	82.74				2
2020.08.11	10:10:53.336			82.80	200.00000000	56
2020.08.11	10:10:53.673			82.80	300.00000000	56
2020.08.11	10:10:53.673			82.80	100.00000000	56
2020.08.11	10:10:53.673			82.80	100.00000000	56
2020.08.11	10:10:53.673	82.80	82.82			6
2020.08.11	10:10:54.346		82.81			4
2020.08.11	10:10:55.157			82.81	1000.00000000	56
2020.08.11	10:10:55.344			82.81	4000.00000000	56
2020.08.11	10:10:55.344			82.81	100.00000000	56
2020.08.11	10:10:55.344			82.82	300.00000000	56
2020.08.11	10:10:55.344			82.83	200.00000000	56
2020.08.11	10:10:55.344			82.83	200.00000000	56
2020.08.11	10:10:55.344			82.83	100.00000000	56
2020.08.11	10:10:55.344			82.84	300.00000000	56
2020.08.11	10:10:55.344			82.84	100.00000000	56
2020.08.11	10:10:55.344			82.85	200.00000000	56
2020.08.11	10:10:55.344			82.85	1000.00000000	56
2020.08.11	10:10:55.344			82.85	2000.00000000	56
2020.08.11	10:10:55.344			82.86	500.00000000	56
2020.08.11	10:10:55.344		82.86			4
2020.08.11	10:10:55.344	82.85				2
2020.08.11	10:10:55.345		82.87			4
2020.08.11	10:10:55.345		82.86			4
2020.08.11	10:10:56.616			82.85	100.00000000	88
2020.08.11	10:10:56.616			82.85	200.00000000	88
2020.08.11	10:10:56.616	82.81				2
2020.08.11	10:10:56.828	82.80				2
2020.08.11	10:10:56.829		82.85			4
2020.08.11	10:10:57.216	82.81				2
2020.08.11	10:10:57.709			82.85	300.00000000	56
2020.08.11	10:10:59.025	82.82				2
2020.08.11	10:10:59.414			82.85	100.00000000	56
2020.08.11	10:10:59.598			82.85	100.00000000	56
2020.08.11	10:11:00.268	82.82				2
2020.08.11	10:11:00.343			82.82	500.00000000	88
2020.08.11	10:11:00.343			82.81	500.00000000	88
2020.08.11	10:11:00.343			82.81	200.00000000	88
2020.08.11	10:11:00.343			82.81	100.00000000	88
2020.08.11	10:11:00.343			82.80	100.00000000	88
2020.08.11	10:11:00.343	82.80				2
2020.08.11	10:11:00.421		82.84			4
2020.08.11	10:11:01.019			82.84	100.00000000	56
2020.08.11	10:11:02.200		82.81			4
2020.08.11	10:11:02.330			82.80	400.00000000	88
2020.08.11	10:11:03.406			82.81	100.00000000	56
2020.08.11	10:11:03.406			82.81	200.00000000	56
2020.08.11	10:11:03.406			82.81	100.00000000	56
2020.08.11	10:11:03.406			82.84	100.00000000	56
2020.08.11	10:11:03.406		82.84			4
2020.08.11	10:11:03.829			82.84	100.00000000	56
2020.08.11	10:11:03.958	82.81				2
2020.08.11	10:11:04.503			82.81	500.00000000	88
2020.08.11	10:11:04.503			82.80	900.00000000	88
2020.08.11	10:11:04.503	82.80				2
2020.08.11	10:11:04.504		82.85			4
2020.08.11	10:11:04.772			82.85	100.00000000	56
2020.08.11	10:11:04.772			82.86	200.00000000	56
2020.08.11	10:11:04.772			82.86	300.00000000	56
2020.08.11	10:11:04.772		82.87			4
2020.08.11	10:11:04.774	82.81				2
2020.08.11	10:11:04.988		82.86			4
2020.08.11	10:11:04.989	82.80				2
2020.08.11	10:11:05.130		82.83			4
2020.08.11	10:11:05.224			82.83	100.00000000	56
2020.08.11	10:11:05.457			82.80	200.00000000	88
2020.08.11	10:11:05.727			82.80	1000.00000000	88
2020.08.11	10:11:05.832			82.80	1800.00000000	88
2020.08.11	10:11:05.833		82.82			4
2020.08.11	10:11:05.915			82.80	4900.00000000	88
2020.08.11	10:11:05.916			82.80	200.00000000	88
2020.08.11	10:11:05.916			82.80	500.00000000	88
2020.08.11	10:11:05.916			82.80	500.00000000	88
2020.08.11	10:11:05.916			82.80	200.00000000	88
2020.08.11	10:11:05.916			82.80	200.00000000	88
2020.08.11	10:11:05.916			82.80	1200.00000000	88
2020.08.11	10:11:05.916			82.80	1000.00000000	88
2020.08.11	10:11:05.916	82.79				2
2020.08.11	10:11:05.916			82.79	100.00000000	88
2020.08.11	10:11:05.916			82.79	100.00000000	88
2020.08.11	10:11:05.916	82.78				2
2020.08.11	10:11:05.918			82.78	600.00000000	88
2020.08.11	10:11:05.918		82.81			4
2020.08.11	10:11:05.919			82.78	400.00000000	88
2020.08.11	10:11:05.919	82.75				2
2020.08.11	10:11:05.919		82.80			4
2020.08.11	10:11:06.018		82.79			4
2020.08.11	10:11:06.019		82.78			4
2020.08.11	10:11:06.021			82.75	100.00000000	88
2020.08.11	10:11:06.021	82.73				2
2020.08.11	10:11:06.021		82.75			4
2020.08.11	10:11:06.023			82.75	100.00000000	56
2020.08.11	10:11:06.023			82.77	100.00000000	56
2020.08.11	10:11:06.023			82.78	500.00000000	56
2020.08.11	10:11:06.023			82.79	100.00000000	56
2020.08.11	10:11:06.023			82.80	500.00000000	56
2020.08.11	10:11:06.023	82.80	82.81			6
2020.08.11	10:11:06.023			82.80	500.00000000	88
2020.08.11	10:11:06.025			82.80	2800.00000000	88
2020.08.11	10:11:06.025	82.73				2
2020.08.11	10:11:06.025		82.82			4
2020.08.11	10:11:06.026		82.81			4
2020.08.11	10:11:06.026		82.75			4
2020.08.11	10:11:06.157			82.73	100.00000000	88
2020.08.11	10:11:06.157			82.72	300.00000000	88
2020.08.11	10:11:06.157			82.71	400.00000000	88
2020.08.11	10:11:06.157	82.71				2
2020.08.11	10:11:06.419		82.74			4
2020.08.11	10:11:06.419	82.70				2
2020.08.11	10:11:06.552			82.74	100.00000000	56
2020.08.11	10:11:06.736			82.74	400.00000000	56
2020.08.11	10:11:06.736			82.75	600.00000000	56
2020.08.11	10:11:06.736		82.75			4
2020.08.11	10:11:06.737	82.71				2
2020.08.11	10:11:06.805	82.70				2
2020.08.11	10:11:07.311			82.70	100.00000000	88
2020.08.11	10:11:07.311			82.70	200.00000000	88
2020.08.11	10:11:07.311			82.70	500.00000000	88
2020.08.11	10:11:07.313			82.70	500.00000000	88
2020.08.11	10:11:07.313	82.69				2
2020.08.11	10:11:07.313		82.74			4
2020.08.11	10:11:07.358			82.74	100.00000000	56
2020.08.11	10:11:07.358			82.74	500.00000000	56
2020.08.11	10:11:07.358			82.75	400.00000000	56
2020.08.11	10:11:07.358			82.75	500.00000000	56
2020.08.11	10:11:07.358		82.75			4
2020.08.11	10:11:07.359	82.70				2
2020.08.11	10:11:07.360		82.74			4
2020.08.11	10:11:07.377			82.74	100.00000000	56
2020.08.11	10:11:07.861	82.69				2
2020.08.11	10:11:08.344			82.74	200.00000000	56
2020.08.11	10:11:08.543			82.74	100.00000000	56
2020.08.11	10:11:08.608			82.74	100.00000000	56
2020.08.11	10:11:08.786			82.74	100.00000000	56
2020.08.11	10:11:08.786			82.74	100.00000000	56
2020.08.11	10:11:08.786			82.74	100.00000000	56
2020.08.11	10:11:08.786			82.74	100.00000000	56
2020.08.11	10:11:08.786			82.74	100.00000000	56
2020.08.11	10:11:08.786			82.75	300.00000000	56
2020.08.11	10:11:08.786			82.75	100.00000000	56
2020.08.11	10:11:08.786			82.76	100.00000000	56
2020.08.11	10:11:08.786			82.77	500.00000000	56
2020.08.11	10:11:08.786			82.77	100.00000000	56
2020.08.11	10:11:08.786			82.77	100.00000000	56
2020.08.11	10:11:08.786			82.78	100.00000000	56
2020.08.11	10:11:08.786			82.78	100.00000000	56
2020.08.11	10:11:08.786			82.79	100.00000000	56
2020.08.11	10:11:08.786			82.79	200.00000000	56
2020.08.11	10:11:08.786			82.79	100.00000000	56
2020.08.11	10:11:08.786			82.79	100.00000000	56
2020.08.11	10:11:08.786			82.79	100.00000000	56
2020.08.11	10:11:08.786			82.80	500.00000000	56
2020.08.11	10:11:08.786			82.80	100.00000000	56
2020.08.11	10:11:08.786			82.80	200.00000000	56
2020.08.11	10:11:08.786			82.80	100.00000000	56
2020.08.11	10:11:08.786			82.80	100.00000000	56
2020.08.11	10:11:08.786			82.81	100.00000000	56
2020.08.11	10:11:08.786			82.81	100.00000000	56
2020.08.11	10:11:08.786			82.81	200.00000000	56
2020.08.11	10:11:08.786			82.81	300.00000000	56
2020.08.11	10:11:08.786			82.81	200.00000000	56
2020.08.11	10:11:08.786			82.81	100.00000000	56
2020.08.11	10:11:08.786			82.82	500.00000000	56
2020.08.11	10:11:08.786			82.82	100.00000000	56
2020.08.11	10:11:08.786			82.82	100.00000000	56
2020.08.11	10:11:08.786			82.82	200.00000000	56
2020.08.11	10:11:08.786			82.82	200.00000000	56
2020.08.11	10:11:08.786			82.82	400.00000000	56
2020.08.11	10:11:08.786			82.82	400.00000000	56
2020.08.11	10:11:08.786			82.82	400.00000000	56
2020.08.11	10:11:08.786			82.83	100.00000000	56
2020.08.11	10:11:08.786			82.83	100.00000000	56
2020.08.11	10:11:08.786			82.83	300.00000000	56
2020.08.11	10:11:08.786			82.83	200.00000000	56
2020.08.11	10:11:08.786			82.83	200.00000000	56
2020.08.11	10:11:08.786			82.83	100.00000000	56
2020.08.11	10:11:08.786			82.84	500.00000000	56
2020.08.11	10:11:08.786			82.84	100.00000000	56
2020.08.11	10:11:08.786			82.84	100.00000000	56
2020.08.11	10:11:08.786			82.84	500.00000000	56
2020.08.11	10:11:08.786		82.84			4
2020.08.11	10:11:08.786	82.81				2
2020.08.11	10:11:08.789			82.81	100.00000000	120
2020.08.11	10:11:08.789	82.70	82.75			6
2020.08.11	10:11:08.789			82.75	300.00000000	56
2020.08.11	10:11:08.789			82.84	300.00000000	56
2020.08.11	10:11:08.789		82.84			4
2020.08.11	10:11:08.789	82.76				2
2020.08.11	10:11:08.790	82.78				2
2020.08.11	10:11:08.791	82.79				2
2020.08.11	10:11:08.791		82.83			4
2020.08.11	10:11:08.792	82.77				2
2020.08.11	10:11:08.792	82.75				2
2020.08.11	10:11:08.793	82.74				2
2020.08.11	10:11:08.793	82.76				2
2020.08.11	10:11:08.796			82.83	100.00000000	56
2020.08.11	10:11:08.869	82.78				2
2020.08.11	10:11:08.869		82.84			4
2020.08.11	10:11:08.967	82.79				2
2020.08.11	10:11:09.847	82.80				2
2020.08.11	10:11:09.848	82.81				2
2020.08.11	10:11:09.852			82.84	100.00000000	56
2020.08.11	10:11:10.152			82.81	400.00000000	88
2020.08.11	10:11:10.543			82.81	100.00000000	88
2020.08.11	10:11:10.543	82.80				2
2020.08.11	10:11:10.587			82.84	600.00000000	56
2020.08.11	10:11:10.587			82.84	300.00000000	56
2020.08.11	10:11:10.587			82.85	200.00000000	56
2020.08.11	10:11:10.587			82.85	100.00000000	56
2020.08.11	10:11:10.587			82.85	100.00000000	56
2020.08.11	10:11:10.587			82.86	300.00000000	56
2020.08.11	10:11:10.587			82.86	100.00000000	56
2020.08.11	10:11:10.587			82.87	100.00000000	56
2020.08.11	10:11:10.587			82.87	100.00000000	56
2020.08.11	10:11:10.587			82.88	500.00000000	56
2020.08.11	10:11:10.587			82.88	100.00000000	56
2020.08.11	10:11:10.587			82.88	100.00000000	56
2020.08.11	10:11:10.587			82.88	200.00000000	56
2020.08.11	10:11:10.587			82.89	200.00000000	56
2020.08.11	10:11:10.587		82.89			4
2020.08.11	10:11:10.588	82.81				2
2020.08.11	10:11:10.681	82.82				2
2020.08.11	10:11:10.682	82.83				2
2020.08.11	10:11:11.194	82.86				2
2020.08.11	10:11:11.195	82.87				2
2020.08.11	10:11:11.195			82.87	400.00000000	88
2020.08.11	10:11:11.196			82.89	100.00000000	56
2020.08.11	10:11:11.196			82.89	200.00000000	56
2020.08.11	10:11:11.196			82.89	300.00000000	56
2020.08.11	10:11:11.196		82.90			4
2020.08.11	10:11:11.197			82.87	100.00000000	88
2020.08.11	10:11:11.197	82.86				2
2020.08.11	10:11:11.199	82.87				2
2020.08.11	10:11:12.528			82.87	100.00000000	88
2020.08.11	10:11:13.074			82.90	1000.00000000	56
2020.08.11	10:11:13.075			82.90	1600.00000000	56
2020.08.11	10:11:13.075			82.90	900.00000000	56
2020.08.11	10:11:13.077			82.90	100.00000000	56
2020.08.11	10:11:13.077			82.90	300.00000000	56
2020.08.11	10:11:13.077			82.90	100.00000000	56
2020.08.11	10:11:13.077			82.90	300.00000000	56
2020.08.11	10:11:13.077			82.90	200.00000000	56
2020.08.11	10:11:13.077			82.91	100.00000000	56
2020.08.11	10:11:13.077			82.91	500.00000000	56
2020.08.11	10:11:13.077		82.91			4
2020.08.11	10:11:13.077			82.91	1000.00000000	56
2020.08.11	10:11:13.077		82.92			4
2020.08.11	10:11:13.078			82.92	1000.00000000	56
2020.08.11	10:11:13.078			82.92	100.00000000	56
2020.08.11	10:11:13.078	82.88				2
2020.08.11	10:11:13.078		82.94			4
2020.08.11	10:11:13.078		82.91			4
2020.08.11	10:11:13.079			82.91	200.00000000	56
2020.08.11	10:11:13.079	82.89				2
2020.08.11	10:11:13.079		82.94			4
2020.08.11	10:11:13.080	82.90				2
2020.08.11	10:11:13.081	82.89				2
2020.08.11	10:11:13.296	82.90				2
2020.08.11	10:11:13.393	82.89				2
2020.08.11	10:11:14.103	82.88				2
2020.08.11	10:11:14.103	82.87				2
2020.08.11	10:11:14.104		82.93			4
2020.08.11	10:11:14.105	82.86				2
2020.08.11	10:11:14.858		82.90			4
2020.08.11	10:11:14.865		82.89			4
2020.08.11	10:11:14.878			82.86	400.00000000	88
2020.08.11	10:11:14.878	82.85				2
2020.08.11	10:11:15.901			82.85	200.00000000	88
2020.08.11	10:11:15.901			82.83	100.00000000	88
2020.08.11	10:11:15.901			82.82	100.00000000	88
2020.08.11	10:11:15.901			82.82	100.00000000	88
2020.08.11	10:11:15.901			82.81	500.00000000	88
2020.08.11	10:11:15.901			82.81	100.00000000	88
2020.08.11	10:11:15.901			82.81	100.00000000	88
2020.08.11	10:11:15.901			82.80	200.00000000	88
2020.08.11	10:11:15.901	82.80				2
2020.08.11	10:11:15.903		82.88			4
2020.08.11	10:11:15.904		82.87			4
2020.08.11	10:11:16.039		82.86			4
2020.08.11	10:11:16.041		82.85			4
2020.08.11	10:11:16.394			82.85	500.00000000	56
2020.08.11	10:11:16.394		82.87			4
2020.08.11	10:11:16.395	82.81				2
2020.08.11	10:11:16.427	82.80				2
2020.08.11	10:11:16.826	82.81				2
2020.08.11	10:11:16.901		82.88			4
2020.08.11	10:11:16.902	82.82				2
2020.08.11	10:11:16.909	82.83				2
2020.08.11	10:11:16.910	82.84				2
2020.08.11	10:11:17.349	82.85				2
2020.08.11	10:11:17.478			82.88	300.00000000	56
2020.08.11	10:11:17.478	82.88	82.90			6
2020.08.11	10:11:18.162			82.90	300.00000000	56
2020.08.11	10:11:18.163			82.90	400.00000000	56
2020.08.11	10:11:18.163	82.89				2
2020.08.11	10:11:18.163			82.90	300.00000000	56
2020.08.11	10:11:18.164			82.90	200.00000000	56
2020.08.11	10:11:18.164			82.90	200.00000000	56
2020.08.11	10:11:18.164			82.90	500.00000000	56
2020.08.11	10:11:18.165			82.90	100.00000000	56
2020.08.11	10:11:18.165			82.90	100.00000000	56
2020.08.11	10:11:18.165			82.90	200.00000000	56
2020.08.11	10:11:18.165		82.91			4
2020.08.11	10:11:18.166			82.91	100.00000000	56
2020.08.11	10:11:18.166		82.93			4
2020.08.11	10:11:18.166		82.94			4
2020.08.11	10:11:18.167		82.93			4
2020.08.11	10:11:18.454	82.88				2
2020.08.11	10:11:18.746			82.88	100.00000000	88
2020.08.11	10:11:19.290		82.92			4
2020.08.11	10:11:19.292			82.88	500.00000000	88
2020.08.11	10:11:19.293			82.88	100.00000000	88
2020.08.11	10:11:19.293	82.85				2
2020.08.11	10:11:19.294		82.91			4
2020.08.11	10:11:19.295		82.92			4
2020.08.11	10:11:19.295		82.90			4
2020.08.11	10:11:19.876			82.90	500.00000000	56
2020.08.11	10:11:19.876			82.91	300.00000000	56
2020.08.11	10:11:19.876			82.92	200.00000000	56
2020.08.11	10:11:19.876		82.92			4
2020.08.11	10:11:19.877	82.86				2
2020.08.11	10:11:19.919		82.90			4
2020.08.11	10:11:19.923	82.85				2
2020.08.11	10:11:20.215			82.90	100.00000000	56
2020.08.11	10:11:20.215		82.92			4
2020.08.11	10:11:20.216	82.86				2
2020.08.11	10:11:20.223			82.86	100.00000000	88
2020.08.11	10:11:20.223	82.85	82.86			6
2020.08.11	10:11:20.292			82.85	1000.00000000	88
2020.08.11	10:11:20.292	82.84				2
2020.08.11	10:11:20.294			82.84	100.00000000	88
2020.08.11	10:11:20.294	82.82				2
2020.08.11	10:11:20.295	82.81				2
2020.08.11	10:11:20.296		82.85			4
2020.08.11	10:11:21.314			82.85	200.00000000	56
2020.08.11	10:11:21.432			82.81	400.00000000	88
2020.08.11	10:11:21.432			82.80	100.00000000	88
2020.08.11	10:11:21.432	82.80				2
2020.08.11	10:11:21.434			82.80	500.00000000	88
2020.08.11	10:11:21.434			82.80	200.00000000	88
2020.08.11	10:11:21.434			82.80	200.00000000	88
2020.08.11	10:11:21.434			82.80	100.00000000	88
2020.08.11	10:11:21.434	82.78				2
2020.08.11	10:11:21.435		82.84			4
2020.08.11	10:11:21.436		82.83			4
2020.08.11	10:11:21.870			82.83	100.00000000	56
2020.08.11	10:11:22.100			82.78	100.00000000	88
2020.08.11	10:11:22.100			82.76	100.00000000	88
2020.08.11	10:11:22.100	82.76				2
2020.08.11	10:11:22.101		82.82			4
2020.08.11	10:11:22.102	82.75				2
2020.08.11	10:11:22.102		82.81			4
2020.08.11	10:11:23.355		82.80			4
2020.08.11	10:11:23.356		82.79			4
2020.08.11	10:11:23.497			82.79	500.00000000	56
2020.08.11	10:11:23.497			82.80	100.00000000	56
2020.08.11	10:11:23.497			82.80	900.00000000	56
2020.08.11	10:11:23.497			82.80	100.00000000	56
2020.08.11	10:11:23.497			82.80	100.00000000	56
2020.08.11	10:11:23.497			82.81	300.00000000	56
2020.08.11	10:11:23.497		82.81			4
2020.08.11	10:11:23.842			82.81	200.00000000	56
2020.08.11	10:11:23.842			82.82	100.00000000	56
2020.08.11	10:11:23.842			82.82	200.00000000	56
2020.08.11	10:11:23.842			82.83	400.00000000	56
2020.08.11	10:11:23.842			82.83	100.00000000	56
2020.08.11	10:11:23.842			82.84	100.00000000	56
2020.08.11	10:11:23.842			82.84	100.00000000	56
2020.08.11	10:11:23.842			82.85	300.00000000	56
2020.08.11	10:11:23.842			82.85	100.00000000	56
2020.08.11	10:11:23.842			82.85	100.00000000	56
2020.08.11	10:11:23.842			82.85	100.00000000	56
2020.08.11	10:11:23.842			82.86	700.00000000	56
2020.08.11	10:11:23.842			82.86	100.00000000	56
2020.08.11	10:11:23.842			82.86	100.00000000	56
2020.08.11	10:11:23.842			82.86	100.00000000	56
2020.08.11	10:11:23.842			82.86	200.00000000	56
2020.08.11	10:11:23.842		82.86			4
2020.08.11	10:11:23.843	82.76				2
2020.08.11	10:11:23.844	82.77				2
2020.08.11	10:11:23.844		82.85			4
2020.08.11	10:11:23.845	82.76				2
2020.08.11	10:11:23.902	82.80				2
2020.08.11	10:11:23.971		82.86			4
2020.08.11	10:11:23.972	82.81				2
2020.08.11	10:11:24.392			82.86	200.00000000	56
2020.08.11	10:11:24.392			82.86	100.00000000	56
2020.08.11	10:11:24.392			82.86	200.00000000	56
2020.08.11	10:11:24.392			82.88	500.00000000	56
2020.08.11	10:11:24.392			82.89	100.00000000	56
2020.08.11	10:11:24.392			82.89	100.00000000	56
2020.08.11	10:11:24.392			82.90	100.00000000	56
2020.08.11	10:11:24.392			82.90	500.00000000	56
2020.08.11	10:11:24.392			82.90	100.00000000	56
2020.08.11	10:11:24.392			82.90	300.00000000	56
2020.08.11	10:11:24.392			82.91	100.00000000	56
2020.08.11	10:11:24.392			82.91	100.00000000	56
2020.08.11	10:11:24.392			82.91	200.00000000	56
2020.08.11	10:11:24.392			82.92	300.00000000	56
2020.08.11	10:11:24.392			82.92	100.00000000	56
2020.08.11	10:11:24.392			82.92	100.00000000	56
2020.08.11	10:11:24.392			82.92	200.00000000	56
2020.08.11	10:11:24.392			82.92	500.00000000	56
2020.08.11	10:11:24.392			82.92	100.00000000	56
2020.08.11	10:11:24.392			82.93	100.00000000	56
2020.08.11	10:11:24.392			82.93	100.00000000	56
2020.08.11	10:11:24.392			82.93	200.00000000	56
2020.08.11	10:11:24.392			82.93	100.00000000	56
2020.08.11	10:11:24.392			82.94	100.00000000	56
2020.08.11	10:11:24.392			82.94	100.00000000	56
2020.08.11	10:11:24.392			82.94	200.00000000	56
2020.08.11	10:11:24.392			82.94	400.00000000	56
2020.08.11	10:11:24.392			82.94	300.00000000	56
2020.08.11	10:11:24.392			82.94	100.00000000	56
2020.08.11	10:11:24.392			82.95	1000.00000000	56
2020.08.11	10:11:24.392			82.95	100.00000000	56
2020.08.11	10:11:24.392			82.95	100.00000000	56
2020.08.11	10:11:24.392			82.95	200.00000000	56
2020.08.11	10:11:24.392			82.95	500.00000000	56
2020.08.11	10:11:24.392			82.95	100.00000000	56
2020.08.11	10:11:24.392			82.96	500.00000000	56
2020.08.11	10:11:24.392			82.96	100.00000000	56
2020.08.11	10:11:24.392			82.96	100.00000000	56
2020.08.11	10:11:24.392			82.96	400.00000000	56
2020.08.11	10:11:24.392			82.96	200.00000000	56
2020.08.11	10:11:24.392			82.96	100.00000000	56
2020.08.11	10:11:24.392		82.96			4
2020.08.11	10:11:24.394		82.95			4
2020.08.11	10:11:24.394		82.86			4
2020.08.11	10:11:24.395	82.82				2
2020.08.11	10:11:24.396			82.86	200.00000000	120
2020.08.11	10:11:24.396		82.94			4
2020.08.11	10:11:24.396	82.83				2
2020.08.11	10:11:24.397	82.84				2
2020.08.11	10:11:24.398	82.85				2
2020.08.11	10:11:24.399	82.86				2
2020.08.11	10:11:24.495			82.94	200.00000000	56
2020.08.11	10:11:24.495		82.96			4
2020.08.11	10:11:24.496	82.87				2
2020.08.11	10:11:24.497	82.88				2
2020.08.11	10:11:24.497		82.97			4
2020.08.11	10:11:24.498	82.89				2
2020.08.11	10:11:24.572		82.96			4
2020.08.11	10:11:24.806			82.96	300.00000000	56
2020.08.11	10:11:24.808	82.90				2
2020.08.11	10:11:24.808		82.97			4
2020.08.11	10:11:24.809	82.89				2
2020.08.11	10:11:24.896		82.96			4
2020.08.11	10:11:25.238	82.90				2
2020.08.11	10:11:25.381		82.97			4
2020.08.11	10:11:25.382	82.91				2
2020.08.11	10:11:25.826	82.92				2
2020.08.11	10:11:25.902	82.93				2
2020.08.11	10:11:25.967			82.97	100.00000000	56
2020.08.11	10:11:25.967			82.97	100.00000000	56
2020.08.11	10:11:26.408			82.97	200.00000000	56
2020.08.11	10:11:26.777	82.92				2
2020.08.11	10:11:26.852			82.97	500.00000000	56
2020.08.11	10:11:26.853	82.93				2
2020.08.11	10:11:27.217			82.97	100.00000000	56
2020.08.11	10:11:27.343			82.97	100.00000000	56
2020.08.11	10:11:27.343		82.99			4
2020.08.11	10:11:27.344	82.94				2
2020.08.11	10:11:27.345	82.93				2
2020.08.11	10:11:27.345	82.95				2
2020.08.11	10:11:27.431	82.96				2
2020.08.11	10:11:27.879	82.97				2
2020.08.11	10:11:27.880			82.97	500.00000000	88
2020.08.11	10:11:27.880	82.96				2
2020.08.11	10:11:28.164			82.96	300.00000000	88
2020.08.11	10:11:28.164	82.95				2
2020.08.11	10:11:28.257	82.93				2
2020.08.11	10:11:28.607			82.99	100.00000000	56
2020.08.11	10:11:29.517			82.93	500.00000000	88
2020.08.11	10:11:29.517			82.92	300.00000000	88
2020.08.11	10:11:29.517			82.91	500.00000000	88
2020.08.11	10:11:29.517			82.91	100.00000000	88
2020.08.11	10:11:29.517			82.90	100.00000000	88
2020.08.11	10:11:29.517			82.90	100.00000000	88
2020.08.11	10:11:29.517			82.90	100.00000000	88
2020.08.11	10:11:29.517			82.89	500.00000000	88
2020.08.11	10:11:29.517			82.89	100.00000000	88
2020.08.11	10:11:29.517			82.89	100.00000000	88
2020.08.11	10:11:29.517	82.89				2
2020.08.11	10:11:29.518	82.88				2
2020.08.11	10:11:29.519	82.89				2
2020.08.11	10:11:29.519		82.98			4
2020.08.11	10:11:29.520		82.97			4
2020.08.11	10:11:29.521		82.98			4
2020.08.11	10:11:29.703			82.98	100.00000000	56
2020.08.11	10:11:29.704	82.90				2
2020.08.11	10:11:29.705	82.91				2
2020.08.11	10:11:29.759			82.91	300.00000000	88
2020.08.11	10:11:30.609			82.98	100.00000000	56
2020.08.11	10:11:30.859		82.99			4
2020.08.11	10:11:31.075		82.98			4
2020.08.11	10:11:31.296			82.98	100.00000000	56
2020.08.11	10:11:31.721		82.97			4
2020.08.11	10:11:31.722		82.96			4
2020.08.11	10:11:32.475			82.91	200.00000000	88
2020.08.11	10:11:32.475	82.88				2
2020.08.11	10:11:32.476	82.87				2
2020.08.11	10:11:32.477		82.95			4
2020.08.11	10:11:32.478		82.94			4
2020.08.11	10:11:32.478	82.85				2
2020.08.11	10:11:32.478	82.86				2
2020.08.11	10:11:32.479		82.93			4
2020.08.11	10:11:32.480	82.85				2
2020.08.11	10:11:32.480		82.92			4
2020.08.11	10:11:32.603		82.91			4
2020.08.11	10:11:32.604		82.90			4
2020.08.11	10:11:32.667		82.89			4
2020.08.11	10:11:32.668		82.88			4
2020.08.11	10:11:32.761			82.88	100.00000000	56
2020.08.11	10:11:32.859		82.89			4
2020.08.11	10:11:32.902		82.88			4
2020.08.11	10:11:33.530			82.88	100.00000000	56
2020.08.11	10:11:33.646			82.88	100.00000000	56
2020.08.11	10:11:34.090			82.85	100.00000000	88
2020.08.11	10:11:34.090			82.85	100.00000000	88
2020.08.11	10:11:34.090	82.84				2
2020.08.11	10:11:34.091			82.84	600.00000000	88
2020.08.11	10:11:34.091			82.84	300.00000000	88
2020.08.11	10:11:34.092			82.84	100.00000000	88
2020.08.11	10:11:34.092			82.84	400.00000000	88
2020.08.11	10:11:34.093			82.84	300.00000000	88
2020.08.11	10:11:34.093			82.84	600.00000000	88
2020.08.11	10:11:34.093	82.82				2
2020.08.11	10:11:34.094	82.81				2
2020.08.11	10:11:34.094		82.87			4
2020.08.11	10:11:34.094	82.80				2
2020.08.11	10:11:34.095		82.86			4
2020.08.11	10:11:34.201		82.87			4
2020.08.11	10:11:35.318		82.86			4
2020.08.11	10:11:36.580	82.81				2
2020.08.11	10:11:36.614	82.80				2
2020.08.11	10:11:36.615		82.85			4
2020.08.11	10:11:37.687	82.81				2
2020.08.11	10:11:37.971		82.88			4
2020.08.11	10:11:37.972		82.87			4
2020.08.11	10:11:38.475		82.86			4
2020.08.11	10:11:38.666			82.86	200.00000000	56
2020.08.11	10:11:38.667		82.87			4
2020.08.11	10:11:39.113	82.84				2
2020.08.11	10:11:39.114			82.84	100.00000000	88
2020.08.11	10:11:39.114	82.81				2
2020.08.11	10:11:39.689			82.87	100.00000000	56
2020.08.11	10:11:39.689			82.87	100.00000000	56
2020.08.11	10:11:39.689			82.87	100.00000000	56
2020.08.11	10:11:39.690	82.82				2
2020.08.11	10:11:39.691	82.81				2
2020.08.11	10:11:39.894			82.87	100.00000000	56
2020.08.11	10:11:39.895	82.82				2
2020.08.11	10:11:39.896	82.81				2
2020.08.11	10:11:39.897	82.82				2
2020.08.11	10:11:40.337			82.87	100.00000000	56
2020.08.11	10:11:40.338	82.83				2
2020.08.11	10:11:40.352			82.87	100.00000000	56
2020.08.11	10:11:40.401		82.89			4
2020.08.11	10:11:41.208			82.89	100.00000000	56
2020.08.11	10:11:41.210			82.89	100.00000000	56
2020.08.11	10:11:41.217			82.89	500.00000000	56
2020.08.11	10:11:41.218	82.84				2
2020.08.11	10:11:41.297			82.89	200.00000000	56
2020.08.11	10:11:41.298	82.85				2
2020.08.11	10:11:41.460			82.85	200.00000000	88
2020.08.11	10:11:41.460			82.84	500.00000000	88
2020.08.11	10:11:41.460			82.84	100.00000000	88
2020.08.11	10:11:41.460			82.84	200.00000000	88
2020.08.11	10:11:41.460			82.83	200.00000000	88
2020.08.11	10:11:41.460			82.83	100.00000000	88
2020.08.11	10:11:41.460			82.82	100.00000000	88
2020.08.11	10:11:41.460	82.82				2
2020.08.11	10:11:41.461			82.82	100.00000000	88
2020.08.11	10:11:41.461			82.82	100.00000000	88
2020.08.11	10:11:41.461	82.81				2
2020.08.11	10:11:41.463		82.88			4
2020.08.11	10:11:41.642	82.86				2
2020.08.11	10:11:41.921			82.88	300.00000000	56
2020.08.11	10:11:41.921			82.88	100.00000000	56
2020.08.11	10:11:41.921			82.88	100.00000000	56
2020.08.11	10:11:41.921		82.89			4
2020.08.11	10:11:42.076			82.89	100.00000000	56
2020.08.11	10:11:44.237			82.86	100.00000000	88
2020.08.11	10:11:44.237			82.86	200.00000000	88
2020.08.11	10:11:44.237			82.86	100.00000000	88
2020.08.11	10:11:44.237			82.85	200.00000000	88
2020.08.11	10:11:44.237			82.85	100.00000000	88
2020.08.11	10:11:44.237			82.84	300.00000000	88
2020.08.11	10:11:44.237	82.84				2
2020.08.11	10:11:44.238	82.83				2
2020.08.11	10:11:44.239	82.84				2
2020.08.11	10:11:44.239	82.83				2
2020.08.11	10:11:44.241			82.83	200.00000000	88
2020.08.11	10:11:44.241	82.82				2
2020.08.11	10:11:44.242		82.88			4
2020.08.11	10:11:44.551		82.87			4
2020.08.11	10:11:44.600		82.86			4
2020.08.11	10:11:44.751	82.83				2
2020.08.11	10:11:45.519			82.86	100.00000000	56
2020.08.11	10:11:46.415			82.86	100.00000000	56
2020.08.11	10:11:46.415			82.86	100.00000000	56
2020.08.11	10:11:46.415			82.87	500.00000000	56
2020.08.11	10:11:46.415			82.87	200.00000000	56
2020.08.11	10:11:46.415			82.88	100.00000000	56
2020.08.11	10:11:46.415			82.88	200.00000000	56
2020.08.11	10:11:46.415			82.88	300.00000000	56
2020.08.11	10:11:46.415			82.89	100.00000000	56
2020.08.11	10:11:46.415			82.89	200.00000000	56
2020.08.11	10:11:46.415			82.89	100.00000000	56
2020.08.11	10:11:46.415			82.90	100.00000000	56
2020.08.11	10:11:46.415			82.90	100.00000000	56
2020.08.11	10:11:46.415			82.91	100.00000000	56
2020.08.11	10:11:46.415			82.91	200.00000000	56
2020.08.11	10:11:46.415			82.92	100.00000000	56
2020.08.11	10:11:46.415			82.92	200.00000000	56
2020.08.11	10:11:46.415			82.92	100.00000000	56
2020.08.11	10:11:46.415			82.92	200.00000000	56
2020.08.11	10:11:46.415		82.92			4
2020.08.11	10:11:46.416		82.88			4
2020.08.11	10:11:46.417			82.84	100.00000000	120
2020.08.11	10:11:46.417	82.84				2
2020.08.11	10:11:46.417			82.84	100.00000000	88
2020.08.11	10:11:46.418			82.84	400.00000000	88
2020.08.11	10:11:46.419	82.83				2
2020.08.11	10:11:46.420			82.88	100.00000000	56
2020.08.11	10:11:46.434			82.88	100.00000000	56
2020.08.11	10:11:46.649		82.87			4
2020.08.11	10:11:46.882	82.84				2
2020.08.11	10:11:48.048			82.87	500.00000000	56
2020.08.11	10:11:48.048			82.87	200.00000000	56
2020.08.11	10:11:48.048			82.87	200.00000000	56
2020.08.11	10:11:48.048			82.88	100.00000000	56
2020.08.11	10:11:48.048			82.88	200.00000000	56
2020.08.11	10:11:48.048			82.89	500.00000000	56
2020.08.11	10:11:48.048			82.89	300.00000000	56
2020.08.11	10:11:48.048		82.89			4
2020.08.11	10:11:48.224			82.89	100.00000000	56
2020.08.11	10:11:48.224			82.90	100.00000000	56
2020.08.11	10:11:48.224		82.90			4
2020.08.11	10:11:48.755			82.90	100.00000000	56
2020.08.11	10:11:48.755			82.90	100.00000000	56
2020.08.11	10:11:48.755	82.90	82.91			6
2020.08.11	10:11:48.757			82.90	800.00000000	88
2020.08.11	10:11:48.757	82.87				2
2020.08.11	10:11:48.757		82.92			4
2020.08.11	10:11:48.757		82.91			4
2020.08.11	10:11:48.758	82.86				2
2020.08.11	10:11:48.758	82.85				2
2020.08.11	10:11:48.948			82.91	300.00000000	56
2020.08.11	10:11:48.948	82.91	82.92			6
2020.08.11	10:11:48.950			82.91	100.00000000	88
2020.08.11	10:11:48.950	82.86				2
2020.08.11	10:11:48.950	82.88				2
2020.08.11	10:11:48.951	82.87				2
2020.08.11	10:11:49.031	82.86				2
2020.08.11	10:11:49.117	82.89				2
2020.08.11	10:11:49.118			82.89	100.00000000	88
2020.08.11	10:11:49.118	82.86				2
2020.08.11	10:11:49.119	82.87				2
2020.08.11	10:11:50.043		82.89			4
2020.08.11	10:11:50.044	82.86				2
2020.08.11	10:11:50.302	82.84				2
2020.08.11	10:11:50.329	82.85				2
2020.08.11	10:11:50.481		82.88			4
2020.08.11	10:11:50.844	82.87				2
2020.08.11	10:11:51.002			82.87	100.00000000	88
2020.08.11	10:11:51.002	82.85				2
2020.08.11	10:11:53.031			82.85	2000.00000000	88
2020.08.11	10:11:53.031	82.84				2
2020.08.11	10:11:53.033			82.84	500.00000000	88
2020.08.11	10:11:53.033		82.87			4
2020.08.11	10:11:53.033			82.84	100.00000000	88
2020.08.11	10:11:53.033	82.83				2
2020.08.11	10:11:53.485			82.83	200.00000000	88
2020.08.11	10:11:53.485			82.82	500.00000000	88
2020.08.11	10:11:53.485			82.81	100.00000000	88
2020.08.11	10:11:53.485			82.80	1000.00000000	88
2020.08.11	10:11:53.485			82.80	100.00000000	88
2020.08.11	10:11:53.485			82.80	900.00000000	88
2020.08.11	10:11:53.485			82.80	100.00000000	88
2020.08.11	10:11:53.485			82.80	100.00000000	88
2020.08.11	10:11:53.485			82.80	100.00000000	88
2020.08.11	10:11:53.485			82.80	100.00000000	88
2020.08.11	10:11:53.485	82.79	82.80			6
2020.08.11	10:11:53.487			82.79	100.00000000	88
2020.08.11	10:11:53.487			82.78	2000.00000000	88
2020.08.11	10:11:53.487	82.78				2
2020.08.11	10:11:53.489		82.79			4
2020.08.11	10:11:53.489			82.78	200.00000000	88
2020.08.11	10:11:53.489	82.77				2
2020.08.11	10:11:53.491			82.77	300.00000000	88
2020.08.11	10:11:53.491	82.76				2
2020.08.11	10:11:53.642		82.80			4
2020.08.11	10:11:53.655			82.76	100.00000000	88
2020.08.11	10:11:53.655			82.75	100.00000000	88
2020.08.11	10:11:53.655	82.75				2
2020.08.11	10:11:53.656			82.75	100.00000000	88
2020.08.11	10:11:53.656			82.75	100.00000000	88
2020.08.11	10:11:53.656		82.79			4
2020.08.11	10:11:53.656	82.74				2
2020.08.11	10:11:53.687			82.79	400.00000000	56
2020.08.11	10:11:53.916			82.74	500.00000000	88
2020.08.11	10:11:53.916			82.71	100.00000000	88
2020.08.11	10:11:53.916			82.71	100.00000000	88
2020.08.11	10:11:53.916			82.71	100.00000000	88
2020.08.11	10:11:53.916			82.70	100.00000000	88
2020.08.11	10:11:53.916			82.70	100.00000000	88
2020.08.11	10:11:53.916	82.70				2
2020.08.11	10:11:53.917		82.78			4
2020.08.11	10:11:53.918		82.77			4
2020.08.11	10:11:54.129			82.70	100.00000000	88
2020.08.11	10:11:54.129			82.70	100.00000000	88
2020.08.11	10:11:54.129			82.70	500.00000000	88
2020.08.11	10:11:54.129			82.70	100.00000000	88
2020.08.11	10:11:54.129			82.70	500.00000000	88
2020.08.11	10:11:55.229			82.70	500.00000000	88
2020.08.11	10:11:55.229	82.69				2
2020.08.11	10:11:55.230		82.76			4
2020.08.11	10:11:55.231		82.75			4
2020.08.11	10:11:55.267			82.69	1000.00000000	88
2020.08.11	10:11:55.267			82.68	3400.00000000	88
2020.08.11	10:11:55.267			82.68	100.00000000	88
2020.08.11	10:11:55.267			82.68	100.00000000	88
2020.08.11	10:11:55.267			82.68	100.00000000	88
2020.08.11	10:11:55.267			82.68	300.00000000	88
2020.08.11	10:11:55.267	82.68				2
2020.08.11	10:11:55.267			82.68	500.00000000	88
2020.08.11	10:11:55.268		82.74			4
2020.08.11	10:11:55.269			82.68	700.00000000	88
2020.08.11	10:11:55.269			82.68	100.00000000	88
2020.08.11	10:11:55.269			82.68	100.00000000	88
2020.08.11	10:11:55.269			82.68	100.00000000	88
2020.08.11	10:11:55.269			82.68	400.00000000	88
2020.08.11	10:11:55.269		82.73			4
2020.08.11	10:11:55.270			82.68	100.00000000	88
2020.08.11	10:11:55.270	82.66				2
2020.08.11	10:11:55.271		82.72			4
2020.08.11	10:11:55.271			82.66	100.00000000	88
2020.08.11	10:11:55.272			82.66	400.00000000	88
2020.08.11	10:11:55.272			82.65	100.00000000	88
2020.08.11	10:11:55.272			82.65	1100.00000000	88
2020.08.11	10:11:55.272			82.65	300.00000000	88
2020.08.11	10:11:55.272			82.65	100.00000000	88
2020.08.11	10:11:55.272			82.65	400.00000000	88
2020.08.11	10:11:55.272			82.65	100.00000000	88
2020.08.11	10:11:55.272			82.65	100.00000000	88
2020.08.11	10:11:55.272			82.65	200.00000000	88
2020.08.11	10:11:55.272			82.65	100.00000000	88
2020.08.11	10:11:55.272			82.65	200.00000000	88
2020.08.11	10:11:55.272			82.65	100.00000000	88
2020.08.11	10:11:55.272			82.65	200.00000000	88
2020.08.11	10:11:55.272			82.65	100.00000000	88
2020.08.11	10:11:55.272	82.65	82.67			6
2020.08.11	10:11:55.274			82.65	600.00000000	88
2020.08.11	10:11:55.275			82.65	100.00000000	88
2020.08.11	10:11:55.275	82.64				2
2020.08.11	10:11:55.275		82.66			4
2020.08.11	10:11:55.278			82.64	400.00000000	88
2020.08.11	10:11:55.278			82.64	100.00000000	88
2020.08.11	10:11:55.278			82.64	500.00000000	88
2020.08.11	10:11:55.278			82.64	300.00000000	88
2020.08.11	10:11:55.278			82.64	100.00000000	88
2020.08.11	10:11:55.278			82.63	300.00000000	88
2020.08.11	10:11:55.278			82.63	300.00000000	88
2020.08.11	10:11:55.278	82.63				2
2020.08.11	10:11:55.278			82.63	100.00000000	88
2020.08.11	10:11:55.278			82.63	100.00000000	88
2020.08.11	10:11:55.278			82.63	200.00000000	88
2020.08.11	10:11:55.278	82.62				2
2020.08.11	10:11:55.341			82.62	100.00000000	88
2020.08.11	10:11:55.343			82.62	900.00000000	88
2020.08.11	10:11:55.343			82.62	100.00000000	88
2020.08.11	10:11:55.343	82.61				2
2020.08.11	10:11:55.343	82.60				2
2020.08.11	10:11:55.648			82.60	700.00000000	88
2020.08.11	10:11:55.648			82.60	100.00000000	88
2020.08.11	10:11:55.651			82.60	100.00000000	88
2020.08.11	10:11:56.227			82.66	500.00000000	56
2020.08.11	10:11:56.227			82.66	200.00000000	56
2020.08.11	10:11:56.263			82.60	400.00000000	88
2020.08.11	10:11:56.263			82.60	100.00000000	88
2020.08.11	10:11:56.263			82.60	100.00000000	88
2020.08.11	10:11:56.263			82.60	300.00000000	88
2020.08.11	10:11:56.263			82.60	100.00000000	88
2020.08.11	10:11:56.264		82.65			4
2020.08.11	10:11:56.467			82.60	100.00000000	88
2020.08.11	10:11:57.097			82.65	500.00000000	56
2020.08.11	10:11:57.097			82.65	200.00000000	56
2020.08.11	10:11:57.097			82.65	300.00000000	56
2020.08.11	10:11:57.233			82.60	900.00000000	88
2020.08.11	10:11:57.233	82.58				2
2020.08.11	10:11:57.234		82.64			4
2020.08.11	10:11:57.235	82.57				2
2020.08.11	10:11:57.236	82.55				2
2020.08.11	10:11:57.735			82.64	500.00000000	56
2020.08.11	10:11:57.735			82.64	100.00000000	56
2020.08.11	10:11:57.735			82.64	100.00000000	56
2020.08.11	10:11:57.735			82.64	100.00000000	56
2020.08.11	10:11:57.735			82.64	100.00000000	56
2020.08.11	10:11:57.735			82.64	100.00000000	56
2020.08.11	10:11:57.736	82.56				2
2020.08.11	10:11:57.738	82.57				2
2020.08.11	10:11:57.749	82.58				2
2020.08.11	10:11:57.750			82.64	100.00000000	56
2020.08.11	10:11:57.750			82.64	500.00000000	56
2020.08.11	10:11:57.750		82.66			4
2020.08.11	10:11:57.751	82.59				2
2020.08.11	10:11:57.752	82.60				2
2020.08.11	10:11:58.118	82.61				2
2020.08.11	10:11:58.342			82.66	100.00000000	56
2020.08.11	10:11:58.343	82.62				2
2020.08.11	10:11:58.401		82.67			4
2020.08.11	10:11:59.239			82.62	500.00000000	88
2020.08.11	10:11:59.239			82.62	100.00000000	88
2020.08.11	10:11:59.239			82.61	100.00000000	88
2020.08.11	10:11:59.239			82.60	500.00000000	88
2020.08.11	10:11:59.239			82.60	100.00000000	88
2020.08.11	10:11:59.239			82.59	100.00000000	88
2020.08.11	10:11:59.239			82.59	100.00000000	88
2020.08.11	10:11:59.239			82.58	500.00000000	88
2020.08.11	10:11:59.239			82.58	100.00000000	88
2020.08.11	10:11:59.239			82.58	100.00000000	88
2020.08.11	10:11:59.239	82.57				2
2020.08.11	10:11:59.240		82.66			4
2020.08.11	10:11:59.240	82.58				2
2020.08.11	10:11:59.241		82.67			4
2020.08.11	10:11:59.344		82.66			4
2020.08.11	10:11:59.357			82.58	100.00000000	88
2020.08.11	10:11:59.359			82.58	400.00000000	88
2020.08.11	10:11:59.359	82.57				2
2020.08.11	10:11:59.359		82.65			4
2020.08.11	10:11:59.359	82.56				2
2020.08.11	10:11:59.360		82.64			4
2020.08.11	10:11:59.493			82.64	500.00000000	56
2020.08.11	10:11:59.493			82.64	100.00000000	56
2020.08.11	10:11:59.493			82.65	100.00000000	56
2020.08.11	10:11:59.493			82.66	500.00000000	56
2020.08.11	10:11:59.493			82.66	100.00000000	56
2020.08.11	10:11:59.493			82.67	100.00000000	56
2020.08.11	10:11:59.493			82.67	200.00000000	56
2020.08.11	10:11:59.493			82.67	100.00000000	56
2020.08.11	10:11:59.493			82.67	100.00000000	56
2020.08.11	10:11:59.493			82.67	100.00000000	56
2020.08.11	10:11:59.493			82.68	500.00000000	56
2020.08.11	10:11:59.493			82.68	100.00000000	56
2020.08.11	10:11:59.493			82.69	100.00000000	56
2020.08.11	10:11:59.493			82.69	100.00000000	56
2020.08.11	10:11:59.493			82.69	200.00000000	56
2020.08.11	10:11:59.493			82.70	100.00000000	56
2020.08.11	10:11:59.493			82.71	500.00000000	56
2020.08.11	10:11:59.493			82.71	100.00000000	56
2020.08.11	10:11:59.493			82.72	200.00000000	56
2020.08.11	10:11:59.493			82.72	700.00000000	56
2020.08.11	10:11:59.493		82.72			4
2020.08.11	10:11:59.495	82.57				2
2020.08.11	10:11:59.496	82.58				2
2020.08.11	10:11:59.497		82.71			4
2020.08.11	10:11:59.497	82.59				2
2020.08.11	10:11:59.498	82.60				2
2020.08.11	10:12:00.061	82.60				2
2020.08.11	10:12:00.062		82.70			4
2020.08.11	10:12:00.063		82.69			4
2020.08.11	10:12:00.202	82.59				2
2020.08.11	10:12:00.375	82.58				2
2020.08.11	10:12:00.378		82.68			4
2020.08.11	10:12:00.387		82.67			4
2020.08.11	10:12:00.505	82.57				2
2020.08.11	10:12:00.506	82.56				2
2020.08.11	10:12:00.507	82.55				2
2020.08.11	10:12:00.507		82.66			4
2020.08.11	10:12:00.521		82.65			4
2020.08.11	10:12:00.536		82.64			4
2020.08.11	10:12:00.565		82.63			4
2020.08.11	10:12:00.828	82.56				2
2020.08.11	10:12:01.457			82.56	100.00000000	88
2020.08.11	10:12:01.458			82.56	100.00000000	88
2020.08.11	10:12:01.458	82.55				2
2020.08.11	10:12:01.603			82.55	100.00000000	88
2020.08.11	10:12:01.603			82.54	100.00000000	88
2020.08.11	10:12:01.603	82.54				2
2020.08.11	10:12:02.746			82.63	100.00000000	56
2020.08.11	10:12:02.748	82.55				2
2020.08.11	10:12:03.262	82.54				2
2020.08.11	10:12:03.362	82.55				2
2020.08.11	10:12:03.806			82.55	100.00000000	88
2020.08.11	10:12:03.806	82.54				2
2020.08.11	10:12:03.961	82.55				2
2020.08.11	10:12:03.966	82.54				2
2020.08.11	10:12:04.008			82.63	100.00000000	56
2020.08.11	10:12:04.066	82.55				2
2020.08.11	10:12:04.492			82.55	100.00000000	88
2020.08.11	10:12:04.492			82.54	300.00000000	88
2020.08.11	10:12:04.492			82.54	100.00000000	88
2020.08.11	10:12:04.492			82.53	100.00000000	88
2020.08.11	10:12:04.492			82.53	200.00000000	88
2020.08.11	10:12:04.492			82.52	100.00000000	88
2020.08.11	10:12:04.492			82.52	100.00000000	88
2020.08.11	10:12:04.492	82.51				2
2020.08.11	10:12:04.494	82.52				2
2020.08.11	10:12:04.494		82.62			4
2020.08.11	10:12:04.495		82.63			4
2020.08.11	10:12:04.496		82.62			4
2020.08.11	10:12:04.506	82.51				2
2020.08.11	10:12:04.526			82.51	100.00000000	88
2020.08.11	10:12:04.526			82.51	100.00000000	88
2020.08.11	10:12:04.526			82.50	100.00000000	88
2020.08.11	10:12:04.526			82.50	500.00000000	88
2020.08.11	10:12:04.526	82.50				2
2020.08.11	10:12:04.527	82.51				2
2020.08.11	10:12:04.528		82.63			4
2020.08.11	10:12:04.628		82.57			4
2020.08.11	10:12:04.632			82.56	100.00000000	120
2020.08.11	10:12:04.632		82.56			4
2020.08.11	10:12:04.632		82.57			4
2020.08.11	10:12:04.664		82.56			4
2020.08.11	10:12:04.667			82.51	100.00000000	88
2020.08.11	10:12:04.667	82.50				2
2020.08.11	10:12:04.731			82.50	1000.00000000	88
2020.08.11	10:12:04.784			82.56	100.00000000	56
2020.08.11	10:12:06.507	82.51				2
2020.08.11	10:12:06.669		82.57			4
2020.08.11	10:12:07.385			82.51	100.00000000	88
2020.08.11	10:12:07.385			82.50	4400.00000000	88
2020.08.11	10:12:07.385			82.50	100.00000000	88
2020.08.11	10:12:07.385			82.50	100.00000000	88
2020.08.11	10:12:07.385			82.50	100.00000000	88
2020.08.11	10:12:07.385			82.50	100.00000000	88
2020.08.11	10:12:07.385			82.50	1000.00000000	88
2020.08.11	10:12:07.385			82.50	500.00000000	88
2020.08.11	10:12:07.385			82.50	300.00000000	88
2020.08.11	10:12:07.385			82.50	100.00000000	88
2020.08.11	10:12:07.385			82.50	100.00000000	88
2020.08.11	10:12:07.385			82.50	5000.00000000	88
2020.08.11	10:12:07.385			82.50	500.00000000	88
2020.08.11	10:12:07.385			82.50	100.00000000	88
2020.08.11	10:12:07.385			82.50	100.00000000	88
2020.08.11	10:12:07.385			82.50	800.00000000	88
2020.08.11	10:12:07.385			82.50	500.00000000	88
2020.08.11	10:12:07.385			82.50	100.00000000	88
2020.08.11	10:12:07.385			82.50	2000.00000000	88
2020.08.11	10:12:07.385			82.50	100.00000000	88
2020.08.11	10:12:07.385			82.50	100.00000000	88
2020.08.11	10:12:07.385			82.50	100.00000000	88
2020.08.11	10:12:07.385			82.49	100.00000000	88
2020.08.11	10:12:07.385			82.48	100.00000000	88
2020.08.11	10:12:07.385			82.48	100.00000000	88
2020.08.11	10:12:07.385			82.47	100.00000000	88
2020.08.11	10:12:07.385			82.47	100.00000000	88
2020.08.11	10:12:07.385			82.46	100.00000000	88
2020.08.11	10:12:07.385			82.46	100.00000000	88
2020.08.11	10:12:07.385			82.46	200.00000000	88
2020.08.11	10:12:07.385			82.46	500.00000000	88
2020.08.11	10:12:07.385			82.45	100.00000000	88
2020.08.11	10:12:07.385			82.45	100.00000000	88
2020.08.11	10:12:07.385			82.45	200.00000000	88
2020.08.11	10:12:07.385			82.45	500.00000000	88
2020.08.11	10:12:07.385			82.44	200.00000000	88
2020.08.11	10:12:07.385			82.44	100.00000000	88
2020.08.11	10:12:07.385			82.44	100.00000000	88
2020.08.11	10:12:07.385			82.44	200.00000000	88
2020.08.11	10:12:07.385			82.44	400.00000000	88
2020.08.11	10:12:07.385			82.44	400.00000000	88
2020.08.11	10:12:07.385			82.44	200.00000000	88
2020.08.11	10:12:07.385			82.43	100.00000000	88
2020.08.11	10:12:07.385			82.43	300.00000000	88
2020.08.11	10:12:07.385			82.43	100.00000000	88
2020.08.11	10:12:07.385			82.43	100.00000000	88
2020.08.11	10:12:07.385			82.43	200.00000000	88
2020.08.11	10:12:07.385	82.43				2
2020.08.11	10:12:07.387		82.56			4
2020.08.11	10:12:07.387	82.45				2
2020.08.11	10:12:07.389			82.45	100.00000000	88
2020.08.11	10:12:07.389	82.43				2
2020.08.11	10:12:07.390		82.55			4
2020.08.11	10:12:07.391		82.54			4
2020.08.11	10:12:07.392		82.53			4
2020.08.11	10:12:07.393		82.52			4
2020.08.11	10:12:07.394	82.42				2
2020.08.11	10:12:07.480		82.53			4
2020.08.11	10:12:07.512	82.43				2
2020.08.11	10:12:07.570	82.52				2
2020.08.11	10:12:07.571			82.52	200.00000000	88
2020.08.11	10:12:07.571	82.49				2
2020.08.11	10:12:07.572		82.55			4
2020.08.11	10:12:07.572	82.48				2
2020.08.11	10:12:07.572	82.44				2
2020.08.11	10:12:07.602			82.44	200.00000000	88
2020.08.11	10:12:07.672	82.45				2
2020.08.11	10:12:07.968		82.54			4
2020.08.11	10:12:07.969		82.53			4
2020.08.11	10:12:08.176	82.44				2
2020.08.11	10:12:08.177	82.43				2
2020.08.11	10:12:08.178		82.52			4
2020.08.11	10:12:08.178	82.42				2
2020.08.11	10:12:08.209			82.42	300.00000000	88
2020.08.11	10:12:08.209			82.41	100.00000000	88
2020.08.11	10:12:08.209			82.41	200.00000000	88
2020.08.11	10:12:08.209	82.41				2
2020.08.11	10:12:08.210	82.40				2
2020.08.11	10:12:08.332			82.40	100.00000000	88
2020.08.11	10:12:08.332			82.40	100.00000000	88
2020.08.11	10:12:08.681	82.41				2
2020.08.11	10:12:08.683		82.45			4
2020.08.11	10:12:08.684	82.40				2
2020.08.11	10:12:08.685			82.45	100.00000000	56
2020.08.11	10:12:08.685		82.49			4
2020.08.11	10:12:08.686	82.41				2
2020.08.11	10:12:08.687		82.50			4
2020.08.11	10:12:08.687		82.51			4
2020.08.11	10:12:08.688			82.49	100.00000000	120
2020.08.11	10:12:08.688		82.49			4
2020.08.11	10:12:08.784	82.42				2
2020.08.11	10:12:08.785		82.51			4
2020.08.11	10:12:08.938			82.42	100.00000000	88
2020.08.11	10:12:08.938			82.41	100.00000000	88
2020.08.11	10:12:08.938			82.41	300.00000000	88
2020.08.11	10:12:08.938	82.41				2
2020.08.11	10:12:08.939		82.50			4
2020.08.11	10:12:08.940	82.40				2
2020.08.11	10:12:08.988			82.40	200.00000000	88
2020.08.11	10:12:08.988			82.40	500.00000000	88
2020.08.11	10:12:08.988	82.39				2
2020.08.11	10:12:09.201			82.50	100.00000000	56
2020.08.11	10:12:09.202	82.40				2
2020.08.11	10:12:09.267			82.50	200.00000000	56
2020.08.11	10:12:09.268	82.41				2
2020.08.11	10:12:09.515			82.41	100.00000000	88
2020.08.11	10:12:09.515	82.40				2
2020.08.11	10:12:09.596			82.50	100.00000000	56
2020.08.11	10:12:09.641	82.41				2
2020.08.11	10:12:09.685		82.51			4
2020.08.11	10:12:10.006	82.49				2
2020.08.11	10:12:10.008			82.49	100.00000000	88
2020.08.11	10:12:10.008	82.46				2
2020.08.11	10:12:10.009	82.44				2
2020.08.11	10:12:10.009	82.43				2
2020.08.11	10:12:10.176			82.51	300.00000000	56
2020.08.11	10:12:10.425			82.43	500.00000000	88
2020.08.11	10:12:10.425			82.43	100.00000000	88
2020.08.11	10:12:10.425			82.41	100.00000000	88
2020.08.11	10:12:10.425			82.40	500.00000000	88
2020.08.11	10:12:10.425			82.40	100.00000000	88
2020.08.11	10:12:10.425			82.40	400.00000000	88
2020.08.11	10:12:10.425			82.39	100.00000000	88
2020.08.11	10:12:10.425			82.39	500.00000000	88
2020.08.11	10:12:10.425			82.39	100.00000000	88
2020.08.11	10:12:10.425			82.38	300.00000000	88
2020.08.11	10:12:10.425			82.38	100.00000000	88
2020.08.11	10:12:10.425			82.38	300.00000000	88
2020.08.11	10:12:10.425			82.38	2000.00000000	88
2020.08.11	10:12:10.425			82.38	100.00000000	88
2020.08.11	10:12:10.425			82.38	200.00000000	88
2020.08.11	10:12:10.425			82.37	500.00000000	88
2020.08.11	10:12:10.425			82.37	100.00000000	88
2020.08.11	10:12:10.425	82.37				2
2020.08.11	10:12:10.427		82.50			4
2020.08.11	10:12:10.427	82.36				2
2020.08.11	10:12:10.427	82.38				2
2020.08.11	10:12:10.428		82.49			4
2020.08.11	10:12:10.438			82.49	100.00000000	56
2020.08.11	10:12:10.438			82.49	100.00000000	56
2020.08.11	10:12:10.552	82.39				2
2020.08.11	10:12:10.552		82.50			4
2020.08.11	10:12:10.553		82.51			4
2020.08.11	10:12:10.555			82.51	100.00000000	56
2020.08.11	10:12:10.621			82.51	100.00000000	56
2020.08.11	10:12:10.621			82.51	100.00000000	56
2020.08.11	10:12:10.658	82.40				2
2020.08.11	10:12:10.659	82.41				2
2020.08.11	10:12:10.659	82.42				2
2020.08.11	10:12:10.870			82.51	500.00000000	56
2020.08.11	10:12:10.918			82.51	100.00000000	56
2020.08.11	10:12:11.509		82.50			4
2020.08.11	10:12:11.720		82.51			4
2020.08.11	10:12:11.832			82.42	200.00000000	88
2020.08.11	10:12:11.832			82.41	500.00000000	88
2020.08.11	10:12:11.832			82.41	300.00000000	88
2020.08.11	10:12:11.832	82.41				2
2020.08.11	10:12:11.833		82.50			4
2020.08.11	10:12:11.834	82.42				2
2020.08.11	10:12:12.172			82.50	100.00000000	56
2020.08.11	10:12:12.400			82.42	100.00000000	88
2020.08.11	10:12:12.831	82.43				2
2020.08.11	10:12:13.830	82.42				2
2020.08.11	10:12:13.966			82.42	400.00000000	88
2020.08.11	10:12:13.966			82.42	100.00000000	88
2020.08.11	10:12:13.966			82.41	100.00000000	88
2020.08.11	10:12:13.966			82.41	100.00000000	88
2020.08.11	10:12:13.966			82.40	400.00000000	88
2020.08.11	10:12:13.966			82.40	100.00000000	88
2020.08.11	10:12:13.966			82.39	300.00000000	88
2020.08.11	10:12:13.966	82.39				2
2020.08.11	10:12:13.968		82.49			4
2020.08.11	10:12:13.970		82.48			4
2020.08.11	10:12:13.972	82.38				2
2020.08.11	10:12:14.100			82.38	200.00000000	88
2020.08.11	10:12:14.117		82.47			4
2020.08.11	10:12:14.119		82.46			4
2020.08.11	10:12:14.158			82.46	100.00000000	56
2020.08.11	10:12:14.158			82.47	100.00000000	56
2020.08.11	10:12:14.158			82.47	200.00000000	56
2020.08.11	10:12:14.158		82.47			4
2020.08.11	10:12:14.159	82.39				2
2020.08.11	10:12:14.159		82.48			4
2020.08.11	10:12:14.386			82.48	100.00000000	56
2020.08.11	10:12:14.387	82.40				2
2020.08.11	10:12:14.388	82.41				2
2020.08.11	10:12:14.620		82.49			4
2020.08.11	10:12:14.882	82.42				2
2020.08.11	10:12:15.023	82.41				2
2020.08.11	10:12:15.130	82.42				2
2020.08.11	10:12:16.727	82.41				2
2020.08.11	10:12:16.760	82.42				2
2020.08.11	10:12:17.025	82.43				2
2020.08.11	10:12:17.036	82.44				2
2020.08.11	10:12:17.115			82.49	300.00000000	56
2020.08.11	10:12:17.115			82.49	400.00000000	56
2020.08.11	10:12:17.115			82.49	100.00000000	56
2020.08.11	10:12:17.115			82.49	400.00000000	56
2020.08.11	10:12:17.115			82.49	100.00000000	56
2020.08.11	10:12:17.115		82.50			4
2020.08.11	10:12:17.117	82.45				2
2020.08.11	10:12:17.117			82.50	100.00000000	56
2020.08.11	10:12:17.117		82.53			4
2020.08.11	10:12:17.117		82.52			4
2020.08.11	10:12:17.119	82.46				2
2020.08.11	10:12:17.120	82.47				2
2020.08.11	10:12:18.550			82.52	100.00000000	56
2020.08.11	10:12:19.538			82.52	100.00000000	56
2020.08.11	10:12:19.538			82.52	100.00000000	56
2020.08.11	10:12:19.538			82.53	400.00000000	56
2020.08.11	10:12:19.538			82.55	100.00000000	56
2020.08.11	10:12:19.538			82.55	100.00000000	56
2020.08.11	10:12:19.538			82.56	100.00000000	56
2020.08.11	10:12:19.538			82.56	100.00000000	56
2020.08.11	10:12:19.538			82.56	600.00000000	56
2020.08.11	10:12:19.538			82.56	300.00000000	56
2020.08.11	10:12:19.538		82.56			4
2020.08.11	10:12:19.540	82.48				2
2020.08.11	10:12:19.542			82.56	100.00000000	56
2020.08.11	10:12:19.542	82.49				2
2020.08.11	10:12:19.543	82.50				2
2020.08.11	10:12:19.892			82.50	100.00000000	88
2020.08.11	10:12:19.892			82.50	500.00000000	88
2020.08.11	10:12:19.892			82.50	100.00000000	88
2020.08.11	10:12:21.039	82.51				2
2020.08.11	10:12:22.986			82.56	100.00000000	56
2020.08.11	10:12:23.459			82.56	100.00000000	56
2020.08.11	10:12:23.460			82.56	200.00000000	56
2020.08.11	10:12:23.460			82.56	100.00000000	56
2020.08.11	10:12:23.460			82.56	100.00000000	56
2020.08.11	10:12:23.460			82.56	100.00000000	56
2020.08.11	10:12:23.460		82.58			4
2020.08.11	10:12:23.462	82.52				2
2020.08.11	10:12:23.608			82.58	100.00000000	56
2020.08.11	10:12:23.609	82.53				2
2020.08.11	10:12:23.610	82.54				2
2020.08.11	10:12:23.855			82.54	200.00000000	88
2020.08.11	10:12:24.793			82.54	300.00000000	88
2020.08.11	10:12:24.793			82.54	100.00000000	88
2020.08.11	10:12:24.793			82.51	500.00000000	88
2020.08.11	10:12:24.793			82.51	100.00000000	88
2020.08.11	10:12:24.793	82.51				2
2020.08.11	10:12:24.795	82.52				2
2020.08.11	10:12:25.577			82.52	200.00000000	88
2020.08.11	10:12:25.761	82.53				2
2020.08.11	10:12:26.181			82.58	900.00000000	56
2020.08.11	10:12:26.181			82.58	100.00000000	56
2020.08.11	10:12:26.181		82.61			4
2020.08.11	10:12:26.182		82.62			4
2020.08.11	10:12:26.183		82.61			4
2020.08.11	10:12:26.183	82.54				2
2020.08.11	10:12:26.184		82.63			4
2020.08.11	10:12:26.184	82.55				2
2020.08.11	10:12:26.186		82.64			4
2020.08.11	10:12:26.186		82.65			4
2020.08.11	10:12:26.186		82.66			4
2020.08.11	10:12:26.187		82.64			4
2020.08.11	10:12:26.187	82.56				2
2020.08.11	10:12:26.188		82.66			4
2020.08.11	10:12:26.190	82.57				2
2020.08.11	10:12:26.191	82.58				2
2020.08.11	10:12:26.255		82.67			4
2020.08.11	10:12:26.257	82.59				2
2020.08.11	10:12:27.094	82.58				2
2020.08.11	10:12:27.310	82.59				2
2020.08.11	10:12:27.380			82.67	100.00000000	56
2020.08.11	10:12:27.404			82.67	100.00000000	56
2020.08.11	10:12:27.457			82.67	100.00000000	56
2020.08.11	10:12:27.457		82.69			4
2020.08.11	10:12:27.458	82.60				2
2020.08.11	10:12:27.459	82.61				2
2020.08.11	10:12:27.459		82.70			4
2020.08.11	10:12:27.461	82.62				2
2020.08.11	10:12:28.129	82.61				2
2020.08.11	10:12:28.896			82.70	100.00000000	56
2020.08.11	10:12:28.896		82.71			4
2020.08.11	10:12:28.897	82.62				2
2020.08.11	10:12:28.898		82.72			4
2020.08.11	10:12:28.899		82.73			4
2020.08.11	10:12:28.931			82.62	100.00000000	88
2020.08.11	10:12:28.931	82.61				2
2020.08.11	10:12:28.999		82.72			4
2020.08.11	10:12:29.257	82.62				2
2020.08.11	10:12:29.891			82.72	100.00000000	56
2020.08.11	10:12:29.892	82.63				2
2020.08.11	10:12:29.893	82.64				2
2020.08.11	10:12:29.894		82.73			4
2020.08.11	10:12:29.896		82.74			4
2020.08.11	10:12:29.901		82.75			4
2020.08.11	10:12:29.901		82.74			4
2020.08.11	10:12:29.907			82.74	400.00000000	56
2020.08.11	10:12:29.907			82.75	100.00000000	56
2020.08.11	10:12:29.907		82.75			4
2020.08.11	10:12:29.909	82.65				2
2020.08.11	10:12:31.002		82.74			4
2020.08.11	10:12:31.470		82.70			4
2020.08.11	10:12:32.143			82.70	100.00000000	56
2020.08.11	10:12:32.143			82.73	100.00000000	56
2020.08.11	10:12:32.143			82.73	100.00000000	56
2020.08.11	10:12:32.143			82.74	400.00000000	56
2020.08.11	10:12:32.143			82.74	200.00000000	56
2020.08.11	10:12:32.143		82.74			4
2020.08.11	10:12:32.144		82.75			4
2020.08.11	10:12:32.144		82.74			4
2020.08.11	10:12:32.397			82.74	200.00000000	56
2020.08.11	10:12:32.397			82.74	400.00000000	56
2020.08.11	10:12:32.397			82.74	100.00000000	56
2020.08.11	10:12:32.397			82.75	300.00000000	56
2020.08.11	10:12:32.397		82.75			4
2020.08.11	10:12:32.398		82.74			4
2020.08.11	10:12:32.398	82.66				2
2020.08.11	10:12:32.400	82.67				2
2020.08.11	10:12:32.401		82.75			4
2020.08.11	10:12:32.499	82.68				2
2020.08.11	10:12:35.148			82.75	200.00000000	56
2020.08.11	10:12:35.150	82.69				2
2020.08.11	10:12:35.151	82.70				2
2020.08.11	10:12:35.446		82.77			4
2020.08.11	10:12:35.741	82.75				2
2020.08.11	10:12:35.948		82.78			4
2020.08.11	10:12:36.338			82.75	200.00000000	88
2020.08.11	10:12:36.338			82.72	100.00000000	88
2020.08.11	10:12:36.338			82.71	100.00000000	88
2020.08.11	10:12:36.338			82.71	100.00000000	88
2020.08.11	10:12:36.338			82.70	500.00000000	88
2020.08.11	10:12:36.338	82.70				2
2020.08.11	10:12:36.350	82.69				2
2020.08.11	10:12:36.352		82.77			4
2020.08.11	10:12:36.730			82.69	100.00000000	88
2020.08.11	10:12:36.731		82.76			4
2020.08.11	10:12:37.244		82.75			4
2020.08.11	10:12:37.302	82.68				2
2020.08.11	10:12:37.753		82.74			4
2020.08.11	10:12:37.755	82.67				2
2020.08.11	10:12:38.285		82.73			4
2020.08.11	10:12:38.432		82.74			4
2020.08.11	10:12:38.917		82.68			4
2020.08.11	10:12:38.918			82.68	100.00000000	56
2020.08.11	10:12:38.918		82.74			4
2020.08.11	10:12:38.918		82.71			4
2020.08.11	10:12:38.919		82.72			4
2020.08.11	10:12:38.920	82.66				2
2020.08.11	10:12:38.920		82.73			4
2020.08.11	10:12:39.017			82.73	100.00000000	56
2020.08.11	10:12:39.017			82.73	100.00000000	56
2020.08.11	10:12:39.140		82.67			4
2020.08.11	10:12:39.466			82.66	200.00000000	88
2020.08.11	10:12:39.466	82.63				2
2020.08.11	10:12:40.926			82.67	200.00000000	56
2020.08.11	10:12:40.967		82.69			4
2020.08.11	10:12:41.410			82.69	100.00000000	56
2020.08.11	10:12:41.469		82.71			4
2020.08.11	10:12:43.624	82.64				2
2020.08.11	10:12:45.078		82.70			4
2020.08.11	10:12:45.081	82.63				2
2020.08.11	10:12:45.082		82.69			4
2020.08.11	10:12:45.088		82.68			4
2020.08.11	10:12:45.590		82.67			4
2020.08.11	10:12:45.653			82.67	100.00000000	56
2020.08.11	10:12:45.653			82.67	100.00000000	56
2020.08.11	10:12:45.654		82.68			4
2020.08.11	10:12:46.168		82.67			4
2020.08.11	10:12:46.557		82.66			4
2020.08.11	10:12:48.472			82.66	100.00000000	56
2020.08.11	10:12:48.815			82.66	100.00000000	56
2020.08.11	10:12:48.815		82.67			4
2020.08.11	10:12:49.698			82.63	400.00000000	88
2020.08.11	10:12:49.698			82.63	100.00000000	88
2020.08.11	10:12:49.698			82.61	200.00000000	88
2020.08.11	10:12:49.698			82.60	100.00000000	88
2020.08.11	10:12:49.698			82.60	100.00000000	88
2020.08.11	10:12:49.698			82.60	100.00000000	88
2020.08.11	10:12:49.698			82.60	100.00000000	88
2020.08.11	10:12:49.698	82.60				2
2020.08.11	10:12:49.700		82.66			4
2020.08.11	10:12:49.703			82.60	500.00000000	88
2020.08.11	10:12:49.703			82.60	200.00000000	88
2020.08.11	10:12:49.703			82.59	200.00000000	88
2020.08.11	10:12:49.703			82.58	500.00000000	88
2020.08.11	10:12:49.703			82.58	200.00000000	88
2020.08.11	10:12:49.703			82.57	100.00000000	88
2020.08.11	10:12:49.703			82.57	200.00000000	88
2020.08.11	10:12:49.703			82.56	100.00000000	88
2020.08.11	10:12:49.703	82.56				2
2020.08.11	10:12:49.705		82.65			4
2020.08.11	10:12:49.706		82.64			4
2020.08.11	10:12:49.716		82.63			4
2020.08.11	10:12:49.719		82.62			4
2020.08.11	10:12:49.899			82.62	100.00000000	56
2020.08.11	10:12:49.899			82.62	200.00000000	56
2020.08.11	10:12:49.899			82.63	100.00000000	56
2020.08.11	10:12:49.899			82.63	200.00000000	56
2020.08.11	10:12:49.899			82.64	100.00000000	56
2020.08.11	10:12:49.899			82.64	200.00000000	56
2020.08.11	10:12:49.899			82.65	500.00000000	56
2020.08.11	10:12:49.899			82.65	100.00000000	56
2020.08.11	10:12:49.899			82.65	200.00000000	56
2020.08.11	10:12:49.899			82.65	100.00000000	56
2020.08.11	10:12:49.899			82.66	100.00000000	56
2020.08.11	10:12:49.899		82.66			4
2020.08.11	10:12:49.901	82.57				2
2020.08.11	10:12:49.902	82.58				2
2020.08.11	10:12:50.037		82.63			4
2020.08.11	10:12:51.193	82.57				2
2020.08.11	10:12:51.891		82.62			4
2020.08.11	10:12:51.891	82.56				2
2020.08.11	10:12:51.906		82.61			4
2020.08.11	10:12:52.380		82.62			4
2020.08.11	10:12:52.409			82.62	100.00000000	56
2020.08.11	10:12:52.409			82.62	100.00000000	56
2020.08.11	10:12:52.409		82.63			4
2020.08.11	10:12:52.562			82.63	100.00000000	56
2020.08.11	10:12:52.562			82.63	100.00000000	56
2020.08.11	10:12:52.562			82.64	100.00000000	56
2020.08.11	10:12:52.562			82.65	100.00000000	56
2020.08.11	10:12:52.562			82.66	100.00000000	56
2020.08.11	10:12:52.562		82.66			4
2020.08.11	10:12:52.564	82.57				2
2020.08.11	10:12:52.717		82.65			4
2020.08.11	10:12:53.830	82.58				2
2020.08.11	10:12:54.298		82.66			4
2020.08.11	10:12:55.345	82.65				2
2020.08.11	10:12:55.348			82.66	1000.00000000	56
2020.08.11	10:12:55.348			82.66	100.00000000	56
2020.08.11	10:12:55.348		82.67			4
2020.08.11	10:12:55.503			82.67	100.00000000	56
2020.08.11	10:12:55.515			82.67	100.00000000	56
2020.08.11	10:12:57.027			82.65	100.00000000	88
2020.08.11	10:12:57.908			82.65	100.00000000	88
2020.08.11	10:12:57.964			82.67	200.00000000	56
2020.08.11	10:12:58.481		82.66			4
2020.08.11	10:12:58.645			82.65	200.00000000	88
2020.08.11	10:12:58.646			82.65	100.00000000	88
2020.08.11	10:12:58.646	82.64				2
2020.08.11	10:12:59.032			82.64	200.00000000	88
2020.08.11	10:12:59.032			82.61	100.00000000	88
2020.08.11	10:12:59.032			82.60	100.00000000	88
2020.08.11	10:12:59.032			82.60	100.00000000	88
2020.08.11	10:12:59.032			82.59	100.00000000	88
2020.08.11	10:12:59.032	82.59				2
2020.08.11	10:12:59.034	82.58				2
2020.08.11	10:12:59.037		82.65			4
2020.08.11	10:12:59.191		82.64			4
2020.08.11	10:13:00.175	82.58				2
2020.08.11	10:13:00.287			82.58	400.00000000	88
2020.08.11	10:13:00.287			82.58	1000.00000000	88
2020.08.11	10:13:00.287			82.58	1000.00000000	88
2020.08.11	10:13:00.287			82.58	600.00000000	88
2020.08.11	10:13:01.350			82.64	100.00000000	56
2020.08.11	10:13:01.778			82.64	100.00000000	56
2020.08.11	10:13:01.779	82.59				2
2020.08.11	10:13:02.021		82.65			4
2020.08.11	10:13:03.788			82.59	100.00000000	88
2020.08.11	10:13:07.793	82.58				2
2020.08.11	10:13:08.907	82.59				2
2020.08.11	10:13:09.002	82.58				2
2020.08.11	10:13:10.276		82.64			4
2020.08.11	10:13:10.277		82.65			4
2020.08.11	10:13:12.219			82.58	100.00000000	88
2020.08.11	10:13:12.527		82.64			4
2020.08.11	10:13:12.938		82.63			4
2020.08.11	10:13:13.389		82.62			4
2020.08.11	10:13:13.593			82.58	300.00000000	88
2020.08.11	10:13:13.593			82.58	100.00000000	88
2020.08.11	10:13:13.594		82.63			4
2020.08.11	10:13:13.840		82.64			4
2020.08.11	10:13:13.993		82.59			4
2020.08.11	10:13:14.344			82.58	1000.00000000	88
2020.08.11	10:13:16.481			82.58	100.00000000	88
2020.08.11	10:13:17.817			82.58	900.00000000	88
2020.08.11	10:13:17.817	82.56				2
2020.08.11	10:13:17.818			82.56	300.00000000	88
2020.08.11	10:13:17.818			82.56	200.00000000	88
2020.08.11	10:13:17.818	82.55				2
2020.08.11	10:13:17.818			82.55	400.00000000	88
2020.08.11	10:13:17.818		82.58			4
2020.08.11	10:13:17.818	82.54				2
2020.08.11	10:13:17.819			82.54	400.00000000	88
2020.08.11	10:13:17.819			82.54	100.00000000	88
2020.08.11	10:13:17.819			82.54	100.00000000	88
2020.08.11	10:13:17.819	82.53				2
2020.08.11	10:13:17.820			82.57	100.00000000	120
2020.08.11	10:13:17.820		82.57			4
2020.08.11	10:13:17.820		82.58			4
2020.08.11	10:13:17.822		82.57			4
2020.08.11	10:13:17.825			82.53	100.00000000	88
2020.08.11	10:13:17.825			82.52	100.00000000	88
2020.08.11	10:13:17.825	82.52				2
2020.08.11	10:13:18.242			82.57	100.00000000	56
2020.08.11	10:13:18.745		82.58			4
2020.08.11	10:13:18.935	82.55				2
2020.08.11	10:13:19.249		82.59			4
2020.08.11	10:13:21.545	82.58				2
2020.08.11	10:13:23.596			82.58	100.00000000	88
2020.08.11	10:13:23.596			82.58	100.00000000	88
2020.08.11	10:13:23.596	82.55				2
2020.08.11	10:13:23.825			82.59	100.00000000	56
2020.08.11	10:13:24.672			82.59	100.00000000	56
2020.08.11	10:13:25.093	82.57				2
2020.08.11	10:13:25.144	82.58				2
2020.08.11	10:13:26.664			82.58	100.00000000	88
2020.08.11	10:13:26.839			82.58	100.00000000	88
2020.08.11	10:13:26.839	82.57				2
2020.08.11	10:13:27.674			82.57	100.00000000	88
2020.08.11	10:13:27.674	82.55				2
2020.08.11	10:13:27.674		82.56			4
2020.08.11	10:13:27.857			82.56	100.00000000	56
2020.08.11	10:13:27.857	82.58	82.59			6
2020.08.11	10:13:28.015			82.58	600.00000000	88
2020.08.11	10:13:28.015			82.55	100.00000000	88
2020.08.11	10:13:28.015			82.55	100.00000000	88
2020.08.11	10:13:28.015			82.54	200.00000000	88
2020.08.11	10:13:28.015	82.54				2
2020.08.11	10:13:28.016	82.53				2
2020.08.11	10:13:28.016	82.52				2
2020.08.11	10:13:28.315	82.55				2
2020.08.11	10:13:28.841			82.59	100.00000000	56
2020.08.11	10:13:29.443			82.59	200.00000000	56
2020.08.11	10:13:29.443			82.59	100.00000000	56
2020.08.11	10:13:29.443			82.59	300.00000000	56
2020.08.11	10:13:30.567			82.55	100.00000000	88
2020.08.11	10:13:31.070			82.55	100.00000000	88
2020.08.11	10:13:32.039		82.58			4
2020.08.11	10:13:32.372		82.57			4
2020.08.11	10:13:32.373			82.55	100.00000000	88
2020.08.11	10:13:32.373	82.52				2
2020.08.11	10:13:32.384			82.52	100.00000000	88
2020.08.11	10:13:32.384	82.51				2
2020.08.11	10:13:32.384		82.56			4
2020.08.11	10:13:33.188			82.51	100.00000000	88
2020.08.11	10:13:33.188			82.51	200.00000000	88
2020.08.11	10:13:33.198			82.51	100.00000000	88
2020.08.11	10:13:33.198	82.50				2
2020.08.11	10:13:33.199		82.55			4
2020.08.11	10:13:33.200		82.56			4
2020.08.11	10:13:33.200		82.54			4
2020.08.11	10:13:33.221			82.50	300.00000000	88
2020.08.11	10:13:33.221			82.50	400.00000000	88
2020.08.11	10:13:33.221			82.50	300.00000000	88
2020.08.11	10:13:33.222			82.50	1100.00000000	88
2020.08.11	10:13:33.222			82.50	600.00000000	88
2020.08.11	10:13:33.224			82.50	100.00000000	88
2020.08.11	10:13:33.224			82.50	200.00000000	88
2020.08.11	10:13:33.224			82.50	100.00000000	88
2020.08.11	10:13:33.224			82.50	200.00000000	88
2020.08.11	10:13:33.225			82.50	800.00000000	88
2020.08.11	10:13:33.225			82.50	100.00000000	88
2020.08.11	10:13:33.225			82.50	900.00000000	88
2020.08.11	10:13:33.225			82.50	100.00000000	88
2020.08.11	10:13:33.225			82.50	300.00000000	88
2020.08.11	10:13:33.225			82.50	100.00000000	88
2020.08.11	10:13:33.225			82.50	200.00000000	88
2020.08.11	10:13:33.225			82.50	200.00000000	88
2020.08.11	10:13:33.225			82.50	1000.00000000	88
2020.08.11	10:13:33.225			82.50	200.00000000	88
2020.08.11	10:13:33.225			82.50	200.00000000	88
2020.08.11	10:13:33.225	82.48				2
2020.08.11	10:13:33.239		82.53			4
2020.08.11	10:13:33.423	82.51				2
2020.08.11	10:13:33.429			82.51	200.00000000	88
2020.08.11	10:13:33.445			82.51	200.00000000	88
2020.08.11	10:13:36.683			82.51	400.00000000	88
2020.08.11	10:13:36.683			82.48	600.00000000	88
2020.08.11	10:13:36.683	82.48				2
2020.08.11	10:13:36.683			82.48	400.00000000	88
2020.08.11	10:13:36.683			82.48	100.00000000	88
2020.08.11	10:13:36.683			82.48	100.00000000	88
2020.08.11	10:13:36.683			82.48	500.00000000	88
2020.08.11	10:13:36.683			82.47	1000.00000000	88
2020.08.11	10:13:36.683			82.47	100.00000000	88
2020.08.11	10:13:36.683			82.47	100.00000000	88
2020.08.11	10:13:36.683			82.47	300.00000000	88
2020.08.11	10:13:36.683			82.47	100.00000000	88
2020.08.11	10:13:36.683	82.46				2
2020.08.11	10:13:36.741			82.53	100.00000000	56
2020.08.11	10:13:36.748			82.46	200.00000000	88
2020.08.11	10:13:36.759			82.46	200.00000000	88
2020.08.11	10:13:36.760		82.52			4
2020.08.11	10:13:36.773			82.46	100.00000000	88
2020.08.11	10:13:36.773	82.45				2
2020.08.11	10:13:36.787		82.51			4
2020.08.11	10:13:36.796			82.45	200.00000000	88
2020.08.11	10:13:36.812			82.45	200.00000000	88
2020.08.11	10:13:36.882		82.50			4
2020.08.11	10:13:36.883		82.49			4
2020.08.11	10:13:36.884			82.45	600.00000000	88
2020.08.11	10:13:36.886			82.45	600.00000000	88
2020.08.11	10:13:36.887			82.45	400.00000000	88
2020.08.11	10:13:36.887	82.42				2
2020.08.11	10:13:36.887	82.41				2
2020.08.11	10:13:36.888		82.48			4
2020.08.11	10:13:36.890		82.47			4
2020.08.11	10:13:36.891		82.46			4
2020.08.11	10:13:36.891			82.46	100.00000000	56
2020.08.11	10:13:36.911		82.45			4
2020.08.11	10:13:37.454			82.45	200.00000000	56
2020.08.11	10:13:37.461		82.44			4
2020.08.11	10:13:37.594			82.41	100.00000000	88
2020.08.11	10:13:37.594	82.40				2
2020.08.11	10:13:37.594			82.40	500.00000000	88
2020.08.11	10:13:37.604			82.40	200.00000000	88
2020.08.11	10:13:37.612			82.40	200.00000000	88
2020.08.11	10:13:37.626			82.40	100.00000000	88
2020.08.11	10:13:37.626			82.40	500.00000000	88
2020.08.11	10:13:37.626			82.40	300.00000000	88
2020.08.11	10:13:37.626	82.39				2
2020.08.11	10:13:37.628		82.43			4
2020.08.11	10:13:37.666			82.39	200.00000000	88
2020.08.11	10:13:37.677		82.42			4
2020.08.11	10:13:37.683			82.39	200.00000000	88
2020.08.11	10:13:37.688			82.39	100.00000000	88
2020.08.11	10:13:37.688	82.37				2
2020.08.11	10:13:37.703			82.37	400.00000000	88
2020.08.11	10:13:37.704			82.37	100.00000000	88
2020.08.11	10:13:37.704			82.37	400.00000000	88
2020.08.11	10:13:37.705		82.41			4
2020.08.11	10:13:37.718		82.42			4
2020.08.11	10:13:37.721			82.37	200.00000000	88
2020.08.11	10:13:37.731		82.41			4
2020.08.11	10:13:37.734			82.37	200.00000000	88
2020.08.11	10:13:37.888			82.37	600.00000000	88
2020.08.11	10:13:37.889		82.40			4
2020.08.11	10:13:37.898			82.37	200.00000000	88
2020.08.11	10:13:37.909		82.39			4
2020.08.11	10:13:38.392			82.37	400.00000000	88
2020.08.11	10:13:38.392	82.36				2
2020.08.11	10:13:38.538			82.39	200.00000000	56
2020.08.11	10:13:38.538			82.39	200.00000000	56
2020.08.11	10:13:38.538			82.39	100.00000000	56
2020.08.11	10:13:38.538			82.39	100.00000000	56
2020.08.11	10:13:38.538			82.39	100.00000000	56
2020.08.11	10:13:38.538			82.39	200.00000000	56
2020.08.11	10:13:38.538			82.39	1100.00000000	56
2020.08.11	10:13:38.538			82.40	500.00000000	56
2020.08.11	10:13:38.538			82.40	200.00000000	56
2020.08.11	10:13:38.538			82.41	200.00000000	56
2020.08.11	10:13:38.538			82.41	100.00000000	56
2020.08.11	10:13:38.538			82.41	100.00000000	56
2020.08.11	10:13:38.538			82.42	200.00000000	56
2020.08.11	10:13:38.538			82.42	100.00000000	56
2020.08.11	10:13:38.538			82.42	100.00000000	56
2020.08.11	10:13:38.538			82.43	500.00000000	56
2020.08.11	10:13:38.538		82.43			4
2020.08.11	10:13:38.540	82.37				2
2020.08.11	10:13:38.545		82.38			4
2020.08.11	10:13:38.546			82.38	200.00000000	120
2020.08.11	10:13:38.546	82.36				2
2020.08.11	10:13:38.546		82.43			4
2020.08.11	10:13:38.546		82.42			4
2020.08.11	10:13:38.546		82.41			4
2020.08.11	10:13:38.547		82.42			4
2020.08.11	10:13:38.616			82.42	100.00000000	56
2020.08.11	10:13:38.616			82.42	200.00000000	56
2020.08.11	10:13:38.616		82.43			4
2020.08.11	10:13:38.617	82.37				2
2020.08.11	10:13:38.617		82.42			4
2020.08.11	10:13:38.719	82.36				2
2020.08.11	10:13:38.839	82.38				2
2020.08.11	10:13:38.845		82.43			4
2020.08.11	10:13:38.850		82.44			4
2020.08.11	10:13:38.858		82.45			4
2020.08.11	10:13:38.883			82.45	200.00000000	56
2020.08.11	10:13:38.883			82.45	200.00000000	56
2020.08.11	10:13:38.883			82.46	400.00000000	56
2020.08.11	10:13:38.883			82.46	200.00000000	56
2020.08.11	10:13:38.883			82.47	200.00000000	56
2020.08.11	10:13:38.883			82.47	100.00000000	56
2020.08.11	10:13:38.883			82.48	100.00000000	56
2020.08.11	10:13:38.883			82.48	200.00000000	56
2020.08.11	10:13:38.883			82.48	100.00000000	56
2020.08.11	10:13:38.883			82.49	100.00000000	56
2020.08.11	10:13:38.883		82.49			4
2020.08.11	10:13:38.884	82.39				2
2020.08.11	10:13:38.886	82.40				2
2020.08.11	10:13:38.892		82.45			4
2020.08.11	10:13:38.893			82.45	200.00000000	120
2020.08.11	10:13:38.893		82.49			4
2020.08.11	10:13:38.894	82.41				2
2020.08.11	10:13:38.895	82.42				2
2020.08.11	10:13:38.897		82.50			4
2020.08.11	10:13:38.898	82.43				2
2020.08.11	10:13:38.916		82.48			4
2020.08.11	10:13:38.917	82.42				2
2020.08.11	10:13:38.928		82.50			4
2020.08.11	10:13:41.670			82.42	200.00000000	88
2020.08.11	10:13:42.099			82.50	100.00000000	56
2020.08.11	10:13:43.073		82.49			4
2020.08.11	10:13:43.077		82.48			4
2020.08.11	10:13:43.077	82.40				2
2020.08.11	10:13:43.081		82.47			4
2020.08.11	10:13:43.082		82.46			4
2020.08.11	10:13:43.083	82.39				2
2020.08.11	10:13:43.180		82.45			4
2020.08.11	10:13:43.186	82.38				2
2020.08.11	10:13:43.207			82.45	200.00000000	56
2020.08.11	10:13:43.207			82.45	100.00000000	56
2020.08.11	10:13:43.207			82.45	200.00000000	56
2020.08.11	10:13:43.207		82.46			4
2020.08.11	10:13:43.208	82.39				2
2020.08.11	10:13:43.217		82.45			4
2020.08.11	10:13:43.307		82.46			4
2020.08.11	10:13:43.681		82.45			4
2020.08.11	10:13:43.688		82.46			4
2020.08.11	10:13:43.692		82.45			4
2020.08.11	10:13:43.695		82.46			4
2020.08.11	10:13:43.699		82.45			4
2020.08.11	10:13:43.702		82.46			4
2020.08.11	10:13:43.702	82.38				2
2020.08.11	10:13:43.703	82.39				2
2020.08.11	10:13:45.094			82.39	100.00000000	88
2020.08.11	10:13:45.405		82.45			4
2020.08.11	10:13:45.406	82.38				2
2020.08.11	10:13:45.697			82.45	100.00000000	56
2020.08.11	10:13:46.911			82.45	100.00000000	56
2020.08.11	10:13:46.919	82.39				2
2020.08.11	10:13:47.052			82.45	100.00000000	56
2020.08.11	10:13:47.200			82.39	200.00000000	88
2020.08.11	10:13:47.201	82.38				2
2020.08.11	10:13:47.214			82.38	200.00000000	88
2020.08.11	10:13:47.214			82.38	100.00000000	88
2020.08.11	10:13:47.215		82.44			4
2020.08.11	10:13:47.238		82.43			4
2020.08.11	10:13:47.655			82.38	300.00000000	88
2020.08.11	10:13:47.655	82.37				2
2020.08.11	10:13:47.656		82.42			4
2020.08.11	10:13:47.666		82.43			4
2020.08.11	10:13:47.668		82.42			4
2020.08.11	10:13:49.555			82.37	200.00000000	88
2020.08.11	10:13:49.555			82.37	100.00000000	88
2020.08.11	10:13:49.555			82.36	400.00000000	88
2020.08.11	10:13:49.555			82.36	100.00000000	88
2020.08.11	10:13:49.555			82.36	100.00000000	88
2020.08.11	10:13:49.555			82.36	100.00000000	88
2020.08.11	10:13:49.555	82.35				2
2020.08.11	10:13:49.557		82.41			4
2020.08.11	10:13:49.558		82.40			4
2020.08.11	10:13:49.559			82.35	100.00000000	88
2020.08.11	10:13:49.559			82.35	2000.00000000	88
2020.08.11	10:13:49.578			82.35	200.00000000	88
2020.08.11	10:13:49.590		82.39			4
2020.08.11	10:13:49.592			82.35	3800.00000000	88
2020.08.11	10:13:49.594			82.35	400.00000000	88
2020.08.11	10:13:49.608			82.35	200.00000000	88
2020.08.11	10:13:49.622			82.35	200.00000000	88
2020.08.11	10:13:49.636			82.35	200.00000000	88
2020.08.11	10:13:49.653			82.35	1000.00000000	88
2020.08.11	10:13:50.043			82.39	200.00000000	56
2020.08.11	10:13:50.043			82.39	200.00000000	56
2020.08.11	10:13:50.043			82.39	500.00000000	56
2020.08.11	10:13:50.043			82.39	300.00000000	56
2020.08.11	10:13:50.043			82.39	100.00000000	56
2020.08.11	10:13:50.043			82.40	500.00000000	56
2020.08.11	10:13:50.043		82.40			4
2020.08.11	10:13:50.044		82.41			4
2020.08.11	10:13:50.044		82.40			4
2020.08.11	10:13:50.045		82.43			4
2020.08.11	10:13:50.045		82.40			4
2020.08.11	10:13:50.055		82.38			4
2020.08.11	10:13:50.067			82.35	200.00000000	88
2020.08.11	10:13:50.068		82.37			4
2020.08.11	10:13:50.079			82.35	200.00000000	88
2020.08.11	10:13:50.837	82.36				2
2020.08.11	10:13:51.053		82.40			4
2020.08.11	10:13:52.679			82.36	300.00000000	88
2020.08.11	10:13:53.416			82.40	100.00000000	56
2020.08.11	10:13:53.777			82.40	100.00000000	56
2020.08.11	10:13:53.777		82.43			4
2020.08.11	10:13:53.779	82.37				2
2020.08.11	10:13:53.850			82.37	100.00000000	88
2020.08.11	10:13:53.850			82.37	200.00000000	88
2020.08.11	10:13:53.850			82.37	100.00000000	88
2020.08.11	10:13:53.850			82.36	600.00000000	88
2020.08.11	10:13:53.850	82.36				2
2020.08.11	10:13:53.867		82.42			4
2020.08.11	10:13:54.585			82.42	200.00000000	56
2020.08.11	10:13:54.585			82.42	100.00000000	56
2020.08.11	10:13:54.795	82.37				2
2020.08.11	10:13:54.799		82.43			4
2020.08.11	10:13:54.808		82.44			4
2020.08.11	10:13:55.165			82.37	300.00000000	88
2020.08.11	10:13:55.180		82.43			4
2020.08.11	10:13:55.183		82.44			4
2020.08.11	10:13:55.186		82.43			4
2020.08.11	10:13:55.190		82.44			4
2020.08.11	10:13:55.193		82.43			4
2020.08.11	10:13:55.835			82.37	200.00000000	88
2020.08.11	10:13:55.836		82.42			4
2020.08.11	10:13:56.464			82.37	500.00000000	88
2020.08.11	10:13:56.465			82.37	1000.00000000	88
2020.08.11	10:13:56.465		82.41			4
2020.08.11	10:13:56.724			82.37	100.00000000	88
2020.08.11	10:13:56.737			82.37	200.00000000	88
2020.08.11	10:14:00.065			82.41	100.00000000	56
2020.08.11	10:14:00.065	82.37				2
2020.08.11	10:14:00.268			82.37	200.00000000	88
2020.08.11	10:14:00.286			82.37	100.00000000	88
2020.08.11	10:14:00.326			82.41	100.00000000	56
2020.08.11	10:14:00.326			82.41	100.00000000	56
2020.08.11	10:14:00.326		82.43			4
2020.08.11	10:14:00.328		82.44			4
2020.08.11	10:14:00.340		82.43			4
2020.08.11	10:14:00.344		82.44			4
2020.08.11	10:14:00.508		82.43			4
2020.08.11	10:14:00.512		82.44			4
2020.08.11	10:14:00.516		82.43			4
2020.08.11	10:14:01.725		82.42			4
2020.08.11	10:14:02.170	82.40				2
2020.08.11	10:14:05.188			82.40	100.00000000	88
2020.08.11	10:14:05.188	82.37				2
2020.08.11	10:14:05.500			82.42	200.00000000	56
2020.08.11	10:14:05.500			82.42	200.00000000	56
2020.08.11	10:14:06.163		82.41			4
2020.08.11	10:14:07.703			82.37	200.00000000	88
2020.08.11	10:14:08.157			82.41	500.00000000	56
2020.08.11	10:14:08.157			82.41	200.00000000	56
2020.08.11	10:14:08.157			82.41	300.00000000	56
2020.08.11	10:14:08.300			82.41	100.00000000	56
2020.08.11	10:14:08.350	82.40				2
2020.08.11	10:14:08.502			82.41	100.00000000	56
2020.08.11	10:14:09.250			82.41	100.00000000	56
2020.08.11	10:14:11.648			82.41	200.00000000	56
2020.08.11	10:14:12.050			82.40	100.00000000	88
2020.08.11	10:14:12.051			82.40	400.00000000	88
2020.08.11	10:14:12.051			82.40	100.00000000	88
2020.08.11	10:14:12.051			82.40	300.00000000	88
2020.08.11	10:14:12.051	82.39				2
2020.08.11	10:14:12.051		82.40			4
2020.08.11	10:14:12.788	82.37				2
2020.08.11	10:14:12.789		82.39			4
2020.08.11	10:14:12.852			82.37	100.00000000	88
2020.08.11	10:14:12.864			82.37	100.00000000	88
2020.08.11	10:14:12.864			82.37	100.00000000	88
2020.08.11	10:14:12.897			82.37	200.00000000	88
2020.08.11	10:14:12.922		82.40			4
2020.08.11	10:14:13.577			82.37	200.00000000	88
2020.08.11	10:14:13.578		82.39			4
2020.08.11	10:14:13.600			82.37	200.00000000	88
2020.08.11	10:14:14.251			82.37	400.00000000	88
2020.08.11	10:14:14.251		82.38			4
2020.08.11	10:14:14.265			82.37	200.00000000	88
2020.08.11	10:14:14.277			82.37	200.00000000	88
2020.08.11	10:14:14.297			82.37	200.00000000	88
2020.08.11	10:14:14.383		82.39			4
2020.08.11	10:14:15.039			82.37	100.00000000	88
2020.08.11	10:14:16.210			82.37	100.00000000	88
2020.08.11	10:14:16.772			82.39	100.00000000	56
2020.08.11	10:14:17.586		82.38			4
2020.08.11	10:14:18.303			82.38	100.00000000	56
2020.08.11	10:14:18.406			82.38	100.00000000	56
2020.08.11	10:14:18.409			82.38	100.00000000	56
2020.08.11	10:14:18.409		82.39			4
2020.08.11	10:14:18.409	82.38				2
2020.08.11	10:14:18.414	82.37				2
2020.08.11	10:14:20.266			82.39	100.00000000	56
2020.08.11	10:14:20.632			82.37	200.00000000	88
2020.08.11	10:14:22.528			82.39	100.00000000	56
2020.08.11	10:14:22.528			82.39	900.00000000	56
2020.08.11	10:14:24.575			82.39	100.00000000	56
2020.08.11	10:14:25.312			82.37	200.00000000	88
2020.08.11	10:14:25.312			82.37	100.00000000	88
2020.08.11	10:14:25.317		82.38			4
2020.08.11	10:14:25.699	82.36				2
2020.08.11	10:14:25.704			82.36	200.00000000	88
2020.08.11	10:14:25.705			82.36	300.00000000	88
2020.08.11	10:14:25.705			82.36	100.00000000	88
2020.08.11	10:14:25.705			82.35	100.00000000	88
2020.08.11	10:14:25.705			82.35	200.00000000	88
2020.08.11	10:14:25.705			82.35	300.00000000	88
2020.08.11	10:14:25.705			82.35	200.00000000	88
2020.08.11	10:14:25.705	82.35				2
2020.08.11	10:14:25.705		82.37			4
2020.08.11	10:14:25.741			82.35	800.00000000	88
2020.08.11	10:14:25.741			82.35	200.00000000	88
2020.08.11	10:14:25.742			82.35	800.00000000	88
2020.08.11	10:14:25.742			82.35	100.00000000	88
2020.08.11	10:14:25.742	82.34				2
2020.08.11	10:14:25.742		82.36			4
2020.08.11	10:14:25.743		82.35			4
2020.08.11	10:14:25.831			82.34	100.00000000	88
2020.08.11	10:14:25.831	82.33				2
2020.08.11	10:14:25.843			82.33	200.00000000	88
2020.08.11	10:14:25.866			82.33	200.00000000	88
2020.08.11	10:14:25.892			82.33	200.00000000	88
2020.08.11	10:14:25.918			82.33	200.00000000	88
2020.08.11	10:14:25.942			82.33	200.00000000	88
2020.08.11	10:14:26.321			82.35	400.00000000	56
2020.08.11	10:14:26.464			82.35	100.00000000	56
2020.08.11	10:14:26.466		82.34			4
2020.08.11	10:14:26.611			82.34	500.00000000	56
2020.08.11	10:14:26.611			82.35	200.00000000	56
2020.08.11	10:14:26.611			82.35	100.00000000	56
2020.08.11	10:14:26.611			82.35	100.00000000	56
2020.08.11	10:14:26.611	82.35	82.36			6
2020.08.11	10:14:26.612		82.37			4
2020.08.11	10:14:26.613		82.36			4
2020.08.11	10:14:26.718			82.35	1100.00000000	88
2020.08.11	10:14:26.718	82.33	82.34			6
2020.08.11	10:14:26.732			82.33	200.00000000	88
2020.08.11	10:14:26.750			82.33	200.00000000	88
2020.08.11	10:14:26.750	82.32				2
2020.08.11	10:14:26.760			82.32	100.00000000	88
2020.08.11	10:14:26.774			82.32	100.00000000	88
2020.08.11	10:14:27.120			82.32	200.00000000	88
2020.08.11	10:14:27.769			82.34	500.00000000	56
2020.08.11	10:14:27.945	82.33				2
2020.08.11	10:14:29.517			82.34	1000.00000000	56
2020.08.11	10:14:29.960			82.33	500.00000000	88
2020.08.11	10:14:29.963			82.33	100.00000000	88
2020.08.11	10:14:29.963	82.32	82.33			6
2020.08.11	10:14:30.075			82.32	600.00000000	88
2020.08.11	10:14:30.075			82.30	500.00000000	88
2020.08.11	10:14:30.075			82.30	100.00000000	88
2020.08.11	10:14:30.075			82.30	100.00000000	88
2020.08.11	10:14:30.075	82.30				2
2020.08.11	10:14:30.075			82.30	100.00000000	88
2020.08.11	10:14:30.075			82.30	100.00000000	88
2020.08.11	10:14:30.075		82.31			4
2020.08.11	10:14:30.077			82.30	900.00000000	88
2020.08.11	10:14:30.077			82.30	1000.00000000	88
