<DATE>	<TIME>	<BID>	<ASK>	<LAST>	<VOLUME>	<FLAGS>
2020.08.10	06:20:44.184	85.20	85.85			6
2020.08.10	09:37:37.739	85.20	85.85			6
2020.08.10	09:44:06.577	85.20	85.85			6
2020.08.10	09:45:00.140	85.20				2
2020.08.10	09:45:00.936		78.68			4
2020.08.10	09:45:04.220	85.65				2
2020.08.10	09:45:28.645		76.93			4
2020.08.10	09:46:00.068	85.65				2
2020.08.10	09:46:03.913	85.66				2
2020.08.10	09:46:04.648	85.70				2
2020.08.10	09:46:18.233	87.00				2
2020.08.10	09:46:46.405		76.93			4
2020.08.10	09:47:03.965	87.00				2
2020.08.10	09:47:18.784	88.50				2
2020.08.10	09:48:00.335	88.50	76.93			6
2020.08.10	09:49:12.702	88.50	76.93			6
2020.08.10	10:12:05.952			86.18	8700.00000000	56
2020.08.10	10:12:05.952			86.18	100.00000000	56
2020.08.10	10:12:05.952			86.18	300.00000000	56
2020.08.10	10:12:05.952			86.18	300.00000000	56
2020.08.10	10:12:05.952			86.18	200.00000000	56
2020.08.10	10:12:05.952			86.18	100.00000000	56
2020.08.10	10:12:05.952			86.18	100.00000000	56
2020.08.10	10:12:05.952			86.18	100.00000000	56
2020.08.10	10:12:05.952			86.18	200.00000000	56
2020.08.10	10:12:05.952			86.18	300.00000000	56
2020.08.10	10:12:05.952			86.18	300.00000000	56
2020.08.10	10:12:05.952			86.18	100.00000000	56
2020.08.10	10:12:05.952			86.18	300.00000000	56
2020.08.10	10:12:05.952			86.18	500.00000000	56
2020.08.10	10:12:05.952			86.18	400.00000000	56
2020.08.10	10:12:05.952			86.18	400.00000000	56
2020.08.10	10:12:05.952			86.18	100.00000000	56
2020.08.10	10:12:05.952			86.18	1000.00000000	56
2020.08.10	10:12:05.952			86.18	500.00000000	56
2020.08.10	10:12:05.952			86.18	200.00000000	56
2020.08.10	10:12:05.952			86.18	600.00000000	56
2020.08.10	10:12:05.952			86.18	300.00000000	56
2020.08.10	10:12:05.952			86.18	1000.00000000	56
2020.08.10	10:12:05.952			86.18	200.00000000	56
2020.08.10	10:12:05.952			86.18	100.00000000	56
2020.08.10	10:12:05.952			86.18	100.00000000	56
2020.08.10	10:12:05.952			86.18	200.00000000	56
2020.08.10	10:12:05.952			86.18	100.00000000	56
2020.08.10	10:12:05.952			86.18	100.00000000	56
2020.08.10	10:12:05.952			86.18	100.00000000	56
2020.08.10	10:12:05.952			86.18	200.00000000	56
2020.08.10	10:12:05.952			86.18	200.00000000	56
2020.08.10	10:12:05.952			86.18	200.00000000	56
2020.08.10	10:12:05.952			86.18	100.00000000	56
2020.08.10	10:12:05.952			86.18	200.00000000	56
2020.08.10	10:12:05.952			86.18	100.00000000	56
2020.08.10	10:12:05.952			86.18	100.00000000	56
2020.08.10	10:12:05.952			86.18	200.00000000	56
2020.08.10	10:12:05.952			86.18	100.00000000	56
2020.08.10	10:12:05.952			86.18	100.00000000	56
2020.08.10	10:12:05.952			86.18	100.00000000	56
2020.08.10	10:12:05.952			86.18	200.00000000	56
2020.08.10	10:12:05.952			86.18	200.00000000	56
2020.08.10	10:12:05.952			86.18	200.00000000	56
2020.08.10	10:12:05.952			86.18	100.00000000	56
2020.08.10	10:12:05.952			86.18	100.00000000	56
2020.08.10	10:12:05.952			86.18	100.00000000	56
2020.08.10	10:12:05.952			86.18	200.00000000	56
2020.08.10	10:12:05.952			86.18	200.00000000	56
2020.08.10	10:12:05.952			86.18	200.00000000	56
2020.08.10	10:12:05.953			86.18	200.00000000	56
2020.08.10	10:12:05.953			86.18	200.00000000	56
2020.08.10	10:12:05.953			86.18	200.00000000	56
2020.08.10	10:12:05.953			86.18	400.00000000	56
2020.08.10	10:12:05.953			86.18	200.00000000	56
2020.08.10	10:12:05.953			86.18	1200.00000000	56
2020.08.10	10:12:05.953			86.18	600.00000000	56
2020.08.10	10:12:05.953			86.18	200.00000000	56
2020.08.10	10:12:05.953			86.18	100.00000000	56
2020.08.10	10:12:05.953			86.18	100.00000000	56
2020.08.10	10:12:05.953			86.18	200.00000000	56
2020.08.10	10:12:05.953			86.18	200.00000000	56
2020.08.10	10:12:05.953			86.18	200.00000000	56
2020.08.10	10:12:05.953			86.18	100.00000000	56
2020.08.10	10:12:05.953			86.18	100.00000000	56
2020.08.10	10:12:05.953			86.18	100.00000000	56
2020.08.10	10:12:05.953			86.18	200.00000000	56
2020.08.10	10:12:05.953			86.18	200.00000000	56
2020.08.10	10:12:05.953			86.18	200.00000000	56
2020.08.10	10:12:05.953			86.18	400.00000000	56
2020.08.10	10:12:05.953			86.18	100.00000000	56
2020.08.10	10:12:05.953			86.18	400.00000000	56
2020.08.10	10:12:05.953			86.18	600.00000000	56
2020.08.10	10:12:05.953			86.18	100.00000000	56
2020.08.10	10:12:05.953			86.18	200.00000000	56
2020.08.10	10:12:05.953			86.18	600.00000000	56
2020.08.10	10:12:05.953			86.18	200.00000000	56
2020.08.10	10:12:05.953			86.18	400.00000000	56
2020.08.10	10:12:05.953			86.18	400.00000000	56
2020.08.10	10:12:05.953			86.18	600.00000000	56
2020.08.10	10:12:05.953			86.18	400.00000000	56
2020.08.10	10:12:05.953			86.18	400.00000000	56
2020.08.10	10:12:05.953			86.18	400.00000000	56
2020.08.10	10:12:05.953			86.18	400.00000000	56
2020.08.10	10:12:05.953			86.18	400.00000000	56
2020.08.10	10:12:05.953			86.18	300.00000000	56
2020.08.10	10:12:05.953			86.18	200.00000000	56
2020.08.10	10:12:05.953			86.18	400.00000000	56
2020.08.10	10:12:05.953			86.18	200.00000000	56
2020.08.10	10:12:05.953			86.18	100.00000000	56
2020.08.10	10:12:05.953			86.18	400.00000000	56
2020.08.10	10:12:05.953			86.18	200.00000000	56
2020.08.10	10:12:05.953			86.18	100.00000000	56
2020.08.10	10:12:05.953			86.18	1000.00000000	56
2020.08.10	10:12:05.953			86.18	100.00000000	56
2020.08.10	10:12:05.953			86.18	100.00000000	56
2020.08.10	10:12:05.953			86.18	500.00000000	56
2020.08.10	10:12:05.953			86.18	2200.00000000	56
2020.08.10	10:12:05.953			86.18	200.00000000	56
2020.08.10	10:12:05.953			86.18	500.00000000	56
2020.08.10	10:12:05.953			86.18	1000.00000000	56
2020.08.10	10:12:05.953			86.18	600.00000000	56
2020.08.10	10:12:05.953			86.18	200.00000000	56
2020.08.10	10:12:05.953			86.18	500.00000000	56
2020.08.10	10:12:05.953			86.18	500.00000000	56
2020.08.10	10:12:05.953			86.18	200.00000000	56
2020.08.10	10:12:05.953			86.18	100.00000000	56
2020.08.10	10:12:05.953			86.18	9000.00000000	56
2020.08.10	10:12:05.953			86.18	300.00000000	56
2020.08.10	10:12:05.953			86.18	100.00000000	56
2020.08.10	10:12:05.953			86.18	100.00000000	56
2020.08.10	10:12:05.953			86.18	100.00000000	56
2020.08.10	10:12:05.953			86.18	100.00000000	56
2020.08.10	10:12:05.953			86.18	100.00000000	56
2020.08.10	10:12:05.953			86.18	100.00000000	56
2020.08.10	10:12:05.953			86.18	100.00000000	56
2020.08.10	10:12:05.953			86.18	100.00000000	56
2020.08.10	10:12:05.953			86.18	100.00000000	56
2020.08.10	10:12:05.953			86.18	100.00000000	56
2020.08.10	10:12:05.953			86.18	100.00000000	56
2020.08.10	10:12:05.953			86.18	1000.00000000	56
2020.08.10	10:12:05.953			86.18	400.00000000	56
2020.08.10	10:12:05.953			86.18	2000.00000000	56
2020.08.10	10:12:05.953			86.18	300.00000000	56
2020.08.10	10:12:05.953			86.18	400.00000000	56
2020.08.10	10:12:05.953			86.18	100.00000000	56
2020.08.10	10:12:05.953			86.18	400.00000000	56
2020.08.10	10:12:05.953			86.18	100.00000000	56
2020.08.10	10:12:05.953			86.18	100.00000000	56
2020.08.10	10:12:05.953			86.18	100.00000000	56
2020.08.10	10:12:05.953			86.18	100.00000000	56
2020.08.10	10:12:05.953			86.18	100.00000000	56
2020.08.10	10:12:05.953			86.18	200.00000000	56
2020.08.10	10:12:05.953			86.18	100.00000000	56
2020.08.10	10:12:05.953			86.18	600.00000000	56
2020.08.10	10:12:05.953			86.18	100.00000000	56
2020.08.10	10:12:05.953			86.18	200.00000000	56
2020.08.10	10:12:05.953			86.18	100.00000000	56
2020.08.10	10:12:05.953			86.18	200.00000000	56
2020.08.10	10:12:05.953			86.18	100.00000000	56
2020.08.10	10:12:05.953			86.18	100.00000000	56
2020.08.10	10:12:05.953			86.18	600.00000000	56
2020.08.10	10:12:05.953			86.18	1200.00000000	56
2020.08.10	10:12:05.953			86.18	800.00000000	56
2020.08.10	10:12:05.953			86.18	1000.00000000	56
2020.08.10	10:12:05.953			86.18	300.00000000	56
2020.08.10	10:12:05.953			86.18	6100.00000000	56
2020.08.10	10:12:05.953			86.18	900.00000000	56
2020.08.10	10:12:05.953			86.18	400.00000000	56
2020.08.10	10:12:05.953			86.18	2000.00000000	56
2020.08.10	10:12:05.953			86.18	600.00000000	56
2020.08.10	10:12:05.953			86.18	100.00000000	56
2020.08.10	10:12:05.953			86.18	1300.00000000	56
2020.08.10	10:12:05.953			86.18	100.00000000	56
2020.08.10	10:12:05.953			86.18	100.00000000	56
2020.08.10	10:12:05.953			86.18	1400.00000000	56
2020.08.10	10:12:05.953			86.18	1100.00000000	56
2020.08.10	10:12:05.953			86.18	200.00000000	56
2020.08.10	10:12:05.953			86.18	1100.00000000	56
2020.08.10	10:12:05.953			86.18	100.00000000	56
2020.08.10	10:12:05.953			86.18	100.00000000	56
2020.08.10	10:12:05.953			86.18	100.00000000	56
2020.08.10	10:12:05.953			86.18	100.00000000	56
2020.08.10	10:12:05.953			86.18	400.00000000	56
2020.08.10	10:12:05.953			86.18	200.00000000	56
2020.08.10	10:12:05.953			86.18	200.00000000	56
2020.08.10	10:12:05.953			86.18	700.00000000	56
2020.08.10	10:12:05.953			86.18	100.00000000	56
2020.08.10	10:12:05.953			86.18	800.00000000	56
2020.08.10	10:12:05.954			86.18	1000.00000000	56
2020.08.10	10:12:05.954			86.18	800.00000000	56
2020.08.10	10:12:05.954			86.18	100.00000000	56
2020.08.10	10:12:05.954			86.18	800.00000000	56
2020.08.10	10:12:05.954			86.18	100.00000000	56
2020.08.10	10:12:05.954			86.18	500.00000000	56
2020.08.10	10:12:05.954			86.18	100.00000000	56
2020.08.10	10:12:05.954			86.18	300.00000000	56
2020.08.10	10:12:05.954			86.18	100.00000000	56
2020.08.10	10:12:05.954			86.18	300.00000000	56
2020.08.10	10:12:05.954			86.18	100.00000000	56
2020.08.10	10:12:05.954			86.18	100.00000000	56
2020.08.10	10:12:05.954			86.18	100.00000000	56
2020.08.10	10:12:05.954			86.18	200.00000000	56
2020.08.10	10:12:05.954			86.18	100.00000000	56
2020.08.10	10:12:05.954			86.18	200.00000000	56
2020.08.10	10:12:05.954			86.18	100.00000000	56
2020.08.10	10:12:05.954			86.18	100.00000000	56
2020.08.10	10:12:05.954			86.18	800.00000000	56
2020.08.10	10:12:05.954			86.18	100.00000000	56
2020.08.10	10:12:05.954			86.18	300.00000000	56
2020.08.10	10:12:05.954			86.18	200.00000000	56
2020.08.10	10:12:05.954			86.18	200.00000000	56
2020.08.10	10:12:05.954			86.18	100.00000000	56
2020.08.10	10:12:05.954			86.18	100.00000000	56
2020.08.10	10:12:05.954			86.18	100.00000000	56
2020.08.10	10:12:05.954			86.18	100.00000000	56
2020.08.10	10:12:05.954			86.18	200.00000000	56
2020.08.10	10:12:05.954			86.18	400.00000000	56
2020.08.10	10:12:05.954			86.18	100.00000000	56
2020.08.10	10:12:05.954			86.18	100.00000000	56
2020.08.10	10:12:05.954			86.18	100.00000000	56
2020.08.10	10:12:05.954			86.18	100.00000000	56
2020.08.10	10:12:05.954			86.18	300.00000000	56
2020.08.10	10:12:05.954			86.18	100.00000000	56
2020.08.10	10:12:05.954			86.18	100.00000000	56
2020.08.10	10:12:05.954			86.18	500.00000000	56
2020.08.10	10:12:05.954	86.16	86.19			6
2020.08.10	10:12:05.973			86.16	200.00000000	88
2020.08.10	10:12:05.973		86.18			4
2020.08.10	10:12:05.974			86.16	300.00000000	88
2020.08.10	10:12:05.974	86.14				2
2020.08.10	10:12:05.978			86.14	100.00000000	88
2020.08.10	10:12:05.978	86.13				2
2020.08.10	10:12:05.979			86.13	1000.00000000	88
2020.08.10	10:12:05.979	86.10				2
2020.08.10	10:12:05.982			86.10	1000.00000000	88
2020.08.10	10:12:05.982	86.08				2
2020.08.10	10:12:06.073		86.17			4
2020.08.10	10:12:06.110	86.09				2
2020.08.10	10:12:06.110		86.18			4
2020.08.10	10:12:06.137	86.11				2
2020.08.10	10:12:06.138	86.12				2
2020.08.10	10:12:06.441			86.12	100.00000000	88
2020.08.10	10:12:06.441	86.11				2
2020.08.10	10:12:06.442		86.17			4
2020.08.10	10:12:06.442		86.18			4
2020.08.10	10:12:06.442			86.11	100.00000000	88
2020.08.10	10:12:06.442	86.09				2
2020.08.10	10:12:06.696		86.17			4
2020.08.10	10:12:06.754			86.17	100.00000000	56
2020.08.10	10:12:06.754		86.18			4
2020.08.10	10:12:06.868			86.09	100.00000000	88
2020.08.10	10:12:06.868			86.08	100.00000000	88
2020.08.10	10:12:06.868	86.07				2
2020.08.10	10:12:06.869		86.17			4
2020.08.10	10:12:06.870		86.18			4
2020.08.10	10:12:06.870	86.06				2
2020.08.10	10:12:06.929			86.06	100.00000000	88
2020.08.10	10:12:06.929			86.05	100.00000000	88
2020.08.10	10:12:06.929			86.05	100.00000000	88
2020.08.10	10:12:06.929	86.05				2
2020.08.10	10:12:06.931	86.04				2
2020.08.10	10:12:06.931		86.17			4
2020.08.10	10:12:06.969			86.04	100.00000000	88
2020.08.10	10:12:07.053			86.04	100.00000000	88
2020.08.10	10:12:07.409			86.04	200.00000000	88
2020.08.10	10:12:07.428			86.04	300.00000000	88
2020.08.10	10:12:08.621	86.05				2
2020.08.10	10:12:09.658			86.17	100.00000000	56
2020.08.10	10:12:09.784		86.16			4
2020.08.10	10:12:09.785		86.15			4
2020.08.10	10:12:09.786		86.14			4
2020.08.10	10:12:10.672	86.04				2
2020.08.10	10:12:10.771	86.05				2
2020.08.10	10:12:11.033		86.15			4
2020.08.10	10:12:11.317		86.14			4
2020.08.10	10:12:12.976			86.14	100.00000000	56
2020.08.10	10:12:15.243			86.14	100.00000000	56
2020.08.10	10:12:15.243			86.14	100.00000000	56
2020.08.10	10:12:15.243			86.15	500.00000000	56
2020.08.10	10:12:15.243			86.15	200.00000000	56
2020.08.10	10:12:15.243			86.16	100.00000000	56
2020.08.10	10:12:15.243		86.18			4
2020.08.10	10:12:15.244	86.06				2
2020.08.10	10:12:15.245	86.07				2
2020.08.10	10:12:15.465			86.18	100.00000000	56
2020.08.10	10:12:15.465		86.19			4
2020.08.10	10:12:15.466	86.08				2
2020.08.10	10:12:15.467	86.09				2
2020.08.10	10:12:15.467			86.09	100.00000000	88
2020.08.10	10:12:15.484	86.18				2
2020.08.10	10:12:15.485		86.20			4
2020.08.10	10:12:15.486			86.20	2000.00000000	56
2020.08.10	10:12:15.486			86.20	1900.00000000	56
2020.08.10	10:12:15.486	86.19				2
2020.08.10	10:12:15.487			86.20	100.00000000	56
2020.08.10	10:12:15.487			86.20	100.00000000	56
2020.08.10	10:12:15.487			86.20	500.00000000	56
2020.08.10	10:12:15.487			86.20	100.00000000	56
2020.08.10	10:12:15.487		86.21			4
2020.08.10	10:12:15.489			86.21	100.00000000	56
2020.08.10	10:12:15.489	86.20				2
2020.08.10	10:12:15.489		86.25			4
2020.08.10	10:12:15.491	86.21				2
2020.08.10	10:12:15.493			86.25	500.00000000	56
2020.08.10	10:12:15.493	86.22				2
2020.08.10	10:12:15.493		86.28			4
2020.08.10	10:12:15.494	86.23				2
2020.08.10	10:12:15.494		86.29			4
2020.08.10	10:12:15.839			86.23	100.00000000	88
2020.08.10	10:12:15.839			86.23	100.00000000	88
2020.08.10	10:12:15.839			86.22	100.00000000	88
2020.08.10	10:12:15.839	86.22				2
2020.08.10	10:12:15.840		86.28			4
2020.08.10	10:12:15.952		86.29			4
2020.08.10	10:12:15.966	86.23				2
2020.08.10	10:12:15.968			86.29	200.00000000	56
2020.08.10	10:12:15.968			86.29	200.00000000	56
2020.08.10	10:12:15.968			86.29	100.00000000	56
2020.08.10	10:12:15.968		86.30			4
2020.08.10	10:12:15.969	86.24				2
2020.08.10	10:12:15.970	86.25				2
2020.08.10	10:12:15.972			86.25	100.00000000	88
2020.08.10	10:12:15.972			86.24	500.00000000	88
2020.08.10	10:12:15.972	86.24				2
2020.08.10	10:12:16.247			86.30	100.00000000	56
2020.08.10	10:12:16.247			86.30	100.00000000	56
2020.08.10	10:12:16.248	86.25				2
2020.08.10	10:12:16.249		86.32			4
2020.08.10	10:12:16.251	86.24				2
2020.08.10	10:12:16.353		86.30			4
2020.08.10	10:12:16.354		86.29			4
2020.08.10	10:12:16.356			86.24	100.00000000	88
2020.08.10	10:12:16.356	86.23				2
2020.08.10	10:12:16.357	86.22				2
2020.08.10	10:12:16.357		86.28			4
2020.08.10	10:12:16.473		86.29			4
2020.08.10	10:12:16.478			86.22	100.00000000	88
2020.08.10	10:12:16.571		86.28			4
2020.08.10	10:12:16.623			86.28	100.00000000	56
2020.08.10	10:12:16.623		86.29			4
2020.08.10	10:12:16.624	86.23				2
2020.08.10	10:12:16.698			86.23	100.00000000	88
2020.08.10	10:12:16.698			86.22	200.00000000	88
2020.08.10	10:12:16.698			86.22	100.00000000	88
2020.08.10	10:12:16.698			86.22	100.00000000	88
2020.08.10	10:12:16.698	86.21				2
2020.08.10	10:12:16.699		86.28			4
2020.08.10	10:12:16.943			86.21	200.00000000	88
2020.08.10	10:12:16.943			86.21	100.00000000	88
2020.08.10	10:12:16.943	86.20				2
2020.08.10	10:12:16.944		86.27			4
2020.08.10	10:12:16.945		86.26			4
2020.08.10	10:12:16.976			86.26	500.00000000	56
2020.08.10	10:12:16.976		86.27			4
2020.08.10	10:12:16.977	86.21				2
2020.08.10	10:12:16.978		86.28			4
2020.08.10	10:12:16.978		86.26			4
2020.08.10	10:12:16.981			86.21	100.00000000	88
2020.08.10	10:12:16.981	86.20				2
2020.08.10	10:12:17.096			86.20	200.00000000	88
2020.08.10	10:12:17.096			86.20	400.00000000	88
2020.08.10	10:12:17.096	86.19				2
2020.08.10	10:12:17.097		86.25			4
2020.08.10	10:12:17.099			86.19	300.00000000	88
2020.08.10	10:12:17.099	86.18				2
2020.08.10	10:12:17.100		86.24			4
2020.08.10	10:12:17.101			86.18	100.00000000	88
2020.08.10	10:12:17.101	86.16				2
2020.08.10	10:12:17.101		86.23			4
2020.08.10	10:12:17.101	86.13				2
2020.08.10	10:12:17.101	86.11				2
2020.08.10	10:12:17.102		86.22			4
2020.08.10	10:12:17.480			86.22	100.00000000	56
2020.08.10	10:12:17.480			86.22	100.00000000	56
2020.08.10	10:12:17.480		86.23			4
2020.08.10	10:12:17.481	86.12				2
2020.08.10	10:12:17.482	86.13				2
2020.08.10	10:12:17.484			86.13	100.00000000	88
2020.08.10	10:12:17.484			86.12	100.00000000	88
2020.08.10	10:12:17.484	86.11				2
2020.08.10	10:12:17.485		86.22			4
2020.08.10	10:12:17.890			86.11	100.00000000	88
2020.08.10	10:12:17.890			86.11	100.00000000	88
2020.08.10	10:12:17.890			86.10	200.00000000	88
2020.08.10	10:12:17.890			86.09	100.00000000	88
2020.08.10	10:12:17.890			86.08	100.00000000	88
2020.08.10	10:12:17.890			86.07	100.00000000	88
2020.08.10	10:12:17.890			86.06	400.00000000	88
2020.08.10	10:12:17.890	86.06				2
2020.08.10	10:12:17.891	86.05				2
2020.08.10	10:12:17.891		86.21			4
2020.08.10	10:12:17.892	86.06				2
2020.08.10	10:12:17.892		86.20			4
2020.08.10	10:12:17.931	86.05				2
2020.08.10	10:12:17.984			86.20	500.00000000	56
2020.08.10	10:12:17.984			86.20	100.00000000	56
2020.08.10	10:12:17.984			86.20	100.00000000	56
2020.08.10	10:12:17.984		86.21			4
2020.08.10	10:12:17.984	86.06				2
2020.08.10	10:12:17.985		86.20			4
2020.08.10	10:12:17.991			86.06	100.00000000	88
2020.08.10	10:12:17.991			86.05	100.00000000	88
2020.08.10	10:12:17.991	86.05				2
2020.08.10	10:12:17.992		86.19			4
2020.08.10	10:12:17.993	86.04				2
2020.08.10	10:12:18.015	86.12				2
2020.08.10	10:12:18.118		86.20			4
2020.08.10	10:12:18.119		86.21			4
2020.08.10	10:12:18.126			86.12	200.00000000	88
2020.08.10	10:12:18.127		86.20			4
2020.08.10	10:12:18.280			86.12	100.00000000	88
2020.08.10	10:12:18.447			86.12	100.00000000	88
2020.08.10	10:12:18.447			86.12	100.00000000	88
2020.08.10	10:12:18.447	86.09				2
2020.08.10	10:12:18.448		86.19			4
2020.08.10	10:12:18.488			86.19	100.00000000	56
2020.08.10	10:12:18.488		86.20			4
2020.08.10	10:12:18.489		86.21			4
2020.08.10	10:12:18.489	86.10				2
2020.08.10	10:12:18.490	86.11				2
2020.08.10	10:12:18.495			86.11	100.00000000	88
2020.08.10	10:12:18.495	86.10				2
2020.08.10	10:12:18.496		86.20			4
2020.08.10	10:12:18.653		86.19			4
2020.08.10	10:12:18.749		86.18			4
2020.08.10	10:12:18.750	86.09				2
2020.08.10	10:12:18.751	86.07				2
2020.08.10	10:12:18.751		86.17			4
2020.08.10	10:12:18.991			86.17	100.00000000	56
2020.08.10	10:12:18.991			86.17	200.00000000	56
2020.08.10	10:12:18.991		86.18			4
2020.08.10	10:12:18.992	86.08				2
2020.08.10	10:12:19.091			86.08	100.00000000	88
2020.08.10	10:12:19.091			86.07	100.00000000	88
2020.08.10	10:12:19.091			86.06	400.00000000	88
2020.08.10	10:12:19.091			86.05	300.00000000	88
2020.08.10	10:12:19.091	86.05				2
2020.08.10	10:12:19.092		86.17			4
2020.08.10	10:12:19.093	86.04				2
2020.08.10	10:12:19.117		86.16			4
2020.08.10	10:12:19.118		86.15			4
2020.08.10	10:12:19.119		86.14			4
2020.08.10	10:12:19.495			86.14	100.00000000	56
2020.08.10	10:12:19.495			86.14	400.00000000	56
2020.08.10	10:12:19.495		86.15			4
2020.08.10	10:12:19.496	86.05				2
2020.08.10	10:12:19.497		86.16			4
2020.08.10	10:12:19.497		86.17			4
2020.08.10	10:12:19.499			86.05	100.00000000	88
2020.08.10	10:12:19.625	86.06				2
2020.08.10	10:12:20.000			86.17	100.00000000	56
2020.08.10	10:12:20.000		86.18			4
2020.08.10	10:12:20.001		86.19			4
2020.08.10	10:12:20.001	86.07				2
2020.08.10	10:12:20.002	86.08				2
2020.08.10	10:12:20.003			86.08	100.00000000	120
2020.08.10	10:12:20.503			86.19	900.00000000	56
2020.08.10	10:12:20.504			86.19	400.00000000	56
2020.08.10	10:12:20.504		86.20			4
2020.08.10	10:12:20.504	86.09				2
2020.08.10	10:12:20.505	86.10				2
2020.08.10	10:12:20.506	86.11				2
2020.08.10	10:12:20.507	86.12				2
2020.08.10	10:12:20.509		86.21			4
2020.08.10	10:12:20.960		86.22			4
2020.08.10	10:12:21.007			86.12	100.00000000	88
2020.08.10	10:12:21.133	86.13				2
2020.08.10	10:12:21.134	86.14				2
2020.08.10	10:12:21.135	86.15				2
2020.08.10	10:12:21.263		86.23			4
2020.08.10	10:12:22.076		86.18			4
2020.08.10	10:12:22.077			86.18	500.00000000	56
2020.08.10	10:12:22.077		86.23			4
2020.08.10	10:12:22.078	86.16				2
2020.08.10	10:12:22.117	86.17				2
2020.08.10	10:12:22.119			86.23	100.00000000	56
2020.08.10	10:12:22.119			86.24	100.00000000	56
2020.08.10	10:12:22.119			86.24	100.00000000	56
2020.08.10	10:12:22.119		86.25			4
2020.08.10	10:12:22.120	86.18				2
2020.08.10	10:12:22.191		86.26			4
2020.08.10	10:12:22.192		86.28			4
2020.08.10	10:12:22.511			86.18	100.00000000	88
2020.08.10	10:12:22.895			86.18	100.00000000	88
2020.08.10	10:12:22.895			86.18	100.00000000	88
2020.08.10	10:12:22.895			86.18	100.00000000	88
2020.08.10	10:12:22.895			86.17	200.00000000	88
2020.08.10	10:12:22.895	86.17				2
2020.08.10	10:12:22.896		86.27			4
2020.08.10	10:12:22.897		86.26			4
2020.08.10	10:12:23.016			86.17	100.00000000	88
2020.08.10	10:12:23.017	86.16				2
2020.08.10	10:12:23.153	86.14				2
2020.08.10	10:12:23.164	86.15				2
2020.08.10	10:12:23.165			86.15	100.00000000	88
2020.08.10	10:12:23.165			86.14	200.00000000	88
2020.08.10	10:12:23.165	86.14				2
2020.08.10	10:12:23.166		86.25			4
2020.08.10	10:12:23.166	86.11				2
2020.08.10	10:12:23.167		86.24			4
2020.08.10	10:12:23.437			86.24	100.00000000	56
2020.08.10	10:12:23.563		86.23			4
2020.08.10	10:12:24.588	86.21				2
2020.08.10	10:12:24.589		86.24			4
2020.08.10	10:12:24.590			86.21	300.00000000	88
2020.08.10	10:12:24.590	86.15				2
2020.08.10	10:12:24.590		86.25			4
2020.08.10	10:12:24.591	86.14				2
2020.08.10	10:12:24.591		86.23			4
2020.08.10	10:12:24.691	86.15				2
2020.08.10	10:12:25.089		86.26			4
2020.08.10	10:12:25.090		86.27			4
2020.08.10	10:12:25.425		86.18			4
2020.08.10	10:12:25.426			86.18	100.00000000	120
2020.08.10	10:12:25.426	86.14				2
2020.08.10	10:12:25.426		86.27			4
2020.08.10	10:12:25.426		86.22			4
2020.08.10	10:12:25.427		86.27			4
2020.08.10	10:12:25.427	86.15				2
2020.08.10	10:12:25.428		86.26			4
2020.08.10	10:12:25.528		86.25			4
2020.08.10	10:12:25.646	86.18				2
2020.08.10	10:12:25.647		86.26			4
2020.08.10	10:12:26.003		86.27			4
2020.08.10	10:12:26.004	86.19				2
2020.08.10	10:12:26.592			86.19	500.00000000	88
2020.08.10	10:12:26.592			86.19	100.00000000	88
2020.08.10	10:12:26.592	86.18				2
2020.08.10	10:12:26.593		86.26			4
2020.08.10	10:12:26.806			86.18	100.00000000	88
2020.08.10	10:12:26.806	86.15				2
2020.08.10	10:12:26.807		86.25			4
2020.08.10	10:12:26.808		86.24			4
2020.08.10	10:12:27.018			86.24	100.00000000	56
2020.08.10	10:12:27.018			86.25	100.00000000	56
2020.08.10	10:12:27.018		86.25			4
2020.08.10	10:12:27.019	86.16				2
2020.08.10	10:12:27.021			86.16	100.00000000	88
2020.08.10	10:12:27.021	86.15				2
2020.08.10	10:12:27.022		86.24			4
2020.08.10	10:12:28.071	86.16				2
2020.08.10	10:12:28.072		86.25			4
2020.08.10	10:12:28.073	86.17				2
2020.08.10	10:12:28.217		86.26			4
2020.08.10	10:12:28.485		86.21			4
2020.08.10	10:12:28.486			86.21	400.00000000	56
2020.08.10	10:12:28.486		86.26			4
2020.08.10	10:12:28.488	86.18				2
2020.08.10	10:12:28.489	86.19				2
2020.08.10	10:12:28.530			86.19	100.00000000	88
2020.08.10	10:12:28.720		86.27			4
2020.08.10	10:12:29.038			86.19	400.00000000	88
2020.08.10	10:12:29.038			86.19	100.00000000	88
2020.08.10	10:12:29.038			86.19	100.00000000	88
2020.08.10	10:12:29.038	86.18				2
2020.08.10	10:12:29.040		86.26			4
2020.08.10	10:12:29.040	86.16				2
2020.08.10	10:12:29.040		86.25			4
2020.08.10	10:12:29.042		86.26			4
2020.08.10	10:12:29.253	86.15				2
2020.08.10	10:12:29.254		86.25			4
2020.08.10	10:12:29.337		86.26			4
2020.08.10	10:12:29.437		86.25			4
2020.08.10	10:12:29.459			86.15	100.00000000	88
2020.08.10	10:12:29.459	86.13				2
2020.08.10	10:12:29.499			86.25	100.00000000	56
2020.08.10	10:12:29.499			86.26	100.00000000	56
2020.08.10	10:12:29.499			86.26	100.00000000	56
2020.08.10	10:12:29.499			86.27	100.00000000	56
2020.08.10	10:12:29.499			86.27	100.00000000	56
2020.08.10	10:12:29.499		86.28			4
2020.08.10	10:12:29.500	86.14				2
2020.08.10	10:12:29.533			86.14	100.00000000	88
2020.08.10	10:12:29.560	86.15				2
2020.08.10	10:12:29.626		86.27			4
2020.08.10	10:12:29.771		86.28			4
2020.08.10	10:12:31.275		86.20			4
2020.08.10	10:12:31.355			86.15	100.00000000	88
2020.08.10	10:12:31.355			86.12	100.00000000	88
2020.08.10	10:12:31.355	86.12				2
2020.08.10	10:12:31.356		86.19			4
2020.08.10	10:12:31.357	86.11				2
2020.08.10	10:12:31.535			86.11	100.00000000	88
2020.08.10	10:12:31.535			86.11	100.00000000	88
2020.08.10	10:12:31.535			86.10	100.00000000	88
2020.08.10	10:12:31.535			86.09	200.00000000	88
2020.08.10	10:12:31.535			86.09	100.00000000	88
2020.08.10	10:12:31.535			86.08	300.00000000	88
2020.08.10	10:12:31.535	86.08				2
2020.08.10	10:12:31.537		86.18			4
2020.08.10	10:12:31.537	86.07				2
2020.08.10	10:12:31.543		86.17			4
2020.08.10	10:12:32.037			86.07	100.00000000	88
2020.08.10	10:12:32.040		86.18			4
2020.08.10	10:12:32.252			86.07	100.00000000	88
2020.08.10	10:12:32.252			86.06	100.00000000	88
2020.08.10	10:12:32.252			86.06	100.00000000	88
2020.08.10	10:12:32.252	86.06				2
2020.08.10	10:12:32.253		86.17			4
2020.08.10	10:12:32.255	86.05				2
2020.08.10	10:12:32.326			86.17	100.00000000	56
2020.08.10	10:12:32.540			86.05	100.00000000	88
2020.08.10	10:12:32.540	86.04				2
2020.08.10	10:12:32.541		86.16			4
2020.08.10	10:12:32.542		86.15			4
2020.08.10	10:12:34.458	86.12				2
2020.08.10	10:12:34.459			86.12	200.00000000	88
2020.08.10	10:12:34.459	86.05				2
2020.08.10	10:12:34.460		86.14			4
2020.08.10	10:12:34.461	86.04				2
2020.08.10	10:12:34.502			86.04	300.00000000	88
2020.08.10	10:12:34.502	86.03				2
2020.08.10	10:12:34.503		86.13			4
2020.08.10	10:12:34.504		86.12			4
2020.08.10	10:12:34.652			86.12	100.00000000	56
2020.08.10	10:12:35.043			86.03	100.00000000	88
2020.08.10	10:12:35.044		86.11			4
2020.08.10	10:12:35.045		86.12			4
2020.08.10	10:12:35.082			86.03	100.00000000	88
2020.08.10	10:12:35.082			86.02	300.00000000	88
2020.08.10	10:12:35.082			86.01	500.00000000	88
2020.08.10	10:12:35.082			86.01	100.00000000	88
2020.08.10	10:12:35.082			86.00	100.00000000	88
2020.08.10	10:12:35.082	86.00				2
2020.08.10	10:12:35.083	86.01				2
2020.08.10	10:12:35.083		86.11			4
2020.08.10	10:12:35.317			86.11	100.00000000	56
2020.08.10	10:12:35.318		86.12			4
2020.08.10	10:12:35.318		86.11			4
2020.08.10	10:12:35.318	86.02				2
2020.08.10	10:12:35.319	86.01				2
2020.08.10	10:12:35.546			86.01	100.00000000	88
2020.08.10	10:12:35.546	86.00				2
2020.08.10	10:12:35.547		86.10			4
2020.08.10	10:12:35.548	86.01				2
2020.08.10	10:12:35.548		86.09			4
2020.08.10	10:12:36.307			86.01	100.00000000	88
2020.08.10	10:12:36.307	86.00				2
2020.08.10	10:12:36.308		86.08			4
2020.08.10	10:12:36.309		86.07			4
2020.08.10	10:12:36.310		86.06			4
2020.08.10	10:12:36.523			86.00	800.00000000	88
2020.08.10	10:12:36.523			86.00	200.00000000	88
2020.08.10	10:12:36.523			86.00	1000.00000000	88
2020.08.10	10:12:36.523			86.00	200.00000000	88
2020.08.10	10:12:36.523			86.00	100.00000000	88
2020.08.10	10:12:36.523			86.00	1000.00000000	88
2020.08.10	10:12:36.523			86.00	100.00000000	88
2020.08.10	10:12:36.523			86.00	100.00000000	88
2020.08.10	10:12:36.523			86.00	600.00000000	88
2020.08.10	10:12:36.523	85.98				2
2020.08.10	10:12:36.525			85.98	900.00000000	88
2020.08.10	10:12:36.525		86.05			4
2020.08.10	10:12:36.550			85.98	600.00000000	88
2020.08.10	10:12:36.586		86.06			4
2020.08.10	10:12:36.795			85.98	11200.00000000	88
2020.08.10	10:12:36.796			85.98	2300.00000000	88
2020.08.10	10:12:36.796			85.98	200.00000000	88
2020.08.10	10:12:36.796	85.95				2
2020.08.10	10:12:36.796		86.05			4
2020.08.10	10:12:36.798	85.94				2
2020.08.10	10:12:36.799	85.93				2
2020.08.10	10:12:36.799	85.92				2
2020.08.10	10:12:36.800	85.91				2
2020.08.10	10:12:36.925	86.00				2
2020.08.10	10:12:36.926			86.00	200.00000000	88
2020.08.10	10:12:36.926	85.91				2
2020.08.10	10:12:36.926	85.92				2
2020.08.10	10:12:36.927		86.04			4
2020.08.10	10:12:36.927	85.91				2
2020.08.10	10:12:36.928		86.03			4
2020.08.10	10:12:37.053			85.91	300.00000000	88
2020.08.10	10:12:37.053			85.91	1200.00000000	88
2020.08.10	10:12:38.069	86.01				2
2020.08.10	10:12:38.070			86.01	200.00000000	88
2020.08.10	10:12:38.070	85.91				2
2020.08.10	10:12:38.070	85.95				2
2020.08.10	10:12:38.071		86.02			4
2020.08.10	10:12:38.071	85.92				2
2020.08.10	10:12:38.170		86.01			4
2020.08.10	10:12:38.171	85.91				2
2020.08.10	10:12:38.171		86.00			4
2020.08.10	10:12:38.180		85.99			4
2020.08.10	10:12:38.244		86.00			4
2020.08.10	10:12:38.494		85.99			4
2020.08.10	10:12:38.523			85.91	800.00000000	88
2020.08.10	10:12:38.523			85.91	700.00000000	88
2020.08.10	10:12:38.523	85.90				2
2020.08.10	10:12:38.524		85.98			4
2020.08.10	10:12:38.525		85.97			4
2020.08.10	10:12:38.557			85.90	200.00000000	88
2020.08.10	10:12:38.862			85.90	300.00000000	88
2020.08.10	10:12:38.862			85.90	100.00000000	88
2020.08.10	10:12:38.862	85.88				2
2020.08.10	10:12:38.863		85.96			4
2020.08.10	10:12:38.865		85.95			4
2020.08.10	10:12:38.866		85.94			4
2020.08.10	10:12:38.867			85.88	100.00000000	88
2020.08.10	10:12:38.867	85.86				2
2020.08.10	10:12:38.868		85.93			4
2020.08.10	10:12:38.869	85.85				2
2020.08.10	10:12:38.982			85.85	300.00000000	88
2020.08.10	10:12:39.015			85.85	200.00000000	88
2020.08.10	10:12:39.015			85.85	500.00000000	88
2020.08.10	10:12:39.017			85.85	400.00000000	88
2020.08.10	10:12:39.017	85.82				2
2020.08.10	10:12:39.026	85.85				2
2020.08.10	10:12:39.041		85.92			4
2020.08.10	10:12:39.042		85.91			4
2020.08.10	10:12:39.043			85.85	100.00000000	88
2020.08.10	10:12:39.043	85.82				2
2020.08.10	10:12:39.055		85.90			4
2020.08.10	10:12:39.056		85.89			4
2020.08.10	10:12:39.057		85.88			4
2020.08.10	10:12:39.156			85.82	100.00000000	88
2020.08.10	10:12:39.157	85.80				2
2020.08.10	10:12:39.158		85.87			4
2020.08.10	10:12:39.179			85.80	100.00000000	88
2020.08.10	10:12:39.563			85.80	200.00000000	88
2020.08.10	10:12:39.958			85.80	300.00000000	88
2020.08.10	10:12:40.067			85.80	100.00000000	88
2020.08.10	10:12:40.971			85.80	100.00000000	88
2020.08.10	10:12:41.057			85.87	100.00000000	56
2020.08.10	10:12:41.057			85.87	100.00000000	56
2020.08.10	10:12:41.057			85.88	500.00000000	56
2020.08.10	10:12:41.057			85.88	100.00000000	56
2020.08.10	10:12:41.057			85.89	100.00000000	56
2020.08.10	10:12:41.057			85.90	100.00000000	56
2020.08.10	10:12:41.057		85.91			4
2020.08.10	10:12:41.058		85.90			4
2020.08.10	10:12:41.059	85.81				2
2020.08.10	10:12:41.069			85.81	100.00000000	88
2020.08.10	10:12:41.069	85.80				2
2020.08.10	10:12:41.070		85.91			4
2020.08.10	10:12:41.070		85.89			4
2020.08.10	10:12:41.071		85.88			4
2020.08.10	10:12:41.184		85.87			4
2020.08.10	10:12:42.107			85.87	100.00000000	56
2020.08.10	10:12:42.107			85.88	400.00000000	56
2020.08.10	10:12:42.107		85.88			4
2020.08.10	10:12:42.375		85.87			4
2020.08.10	10:12:42.633		85.86			4
2020.08.10	10:12:42.634		85.85			4
2020.08.10	10:12:42.981			85.80	100.00000000	88
2020.08.10	10:12:43.111			85.80	100.00000000	88
2020.08.10	10:12:43.306			85.80	200.00000000	88
2020.08.10	10:12:44.994		85.86			4
2020.08.10	10:12:45.123			85.80	100.00000000	88
2020.08.10	10:12:45.544			85.86	100.00000000	56
2020.08.10	10:12:46.999			85.86	300.00000000	56
2020.08.10	10:12:46.999		85.87			4
2020.08.10	10:12:47.000		85.89			4
2020.08.10	10:12:47.001	85.81				2
2020.08.10	10:12:47.002		85.90			4
2020.08.10	10:12:47.446	85.82				2
2020.08.10	10:12:48.196		85.92			4
2020.08.10	10:12:48.196		85.93			4
2020.08.10	10:12:48.197		85.92			4
2020.08.10	10:12:48.197	85.83				2
2020.08.10	10:12:48.197	85.84				2
2020.08.10	10:12:48.198		85.95			4
2020.08.10	10:12:49.482	85.93				2
2020.08.10	10:12:49.484			85.93	200.00000000	88
2020.08.10	10:12:49.484		85.98			4
2020.08.10	10:12:49.484	85.85				2
2020.08.10	10:12:49.484	85.87				2
2020.08.10	10:12:49.486		85.99			4
2020.08.10	10:12:49.486		85.97			4
2020.08.10	10:12:49.693			85.87	100.00000000	88
2020.08.10	10:12:50.821			85.87	100.00000000	88
2020.08.10	10:12:50.822		85.96			4
2020.08.10	10:12:50.823		85.95			4
2020.08.10	10:12:50.975			85.87	100.00000000	88
2020.08.10	10:12:50.975			85.87	100.00000000	88
2020.08.10	10:12:50.975			85.85	200.00000000	88
2020.08.10	10:12:50.975			85.84	500.00000000	88
2020.08.10	10:12:50.975			85.84	100.00000000	88
2020.08.10	10:12:50.975			85.83	100.00000000	88
2020.08.10	10:12:50.975			85.82	200.00000000	88
2020.08.10	10:12:50.975			85.82	100.00000000	88
2020.08.10	10:12:50.975	85.81				2
2020.08.10	10:12:50.977	85.82				2
2020.08.10	10:12:50.977		85.94			4
2020.08.10	10:12:50.978		85.93			4
2020.08.10	10:12:50.988	85.81				2
2020.08.10	10:12:51.196			85.81	100.00000000	88
2020.08.10	10:12:51.196	85.80				2
2020.08.10	10:12:51.197		85.92			4
2020.08.10	10:12:51.197	85.81				2
2020.08.10	10:12:51.198		85.91			4
2020.08.10	10:12:51.199		85.90			4
2020.08.10	10:12:51.200		85.89			4
2020.08.10	10:12:51.827		85.90			4
2020.08.10	10:12:51.836			85.81	100.00000000	88
2020.08.10	10:12:51.836	85.80				2
2020.08.10	10:12:51.837	85.81				2
2020.08.10	10:12:53.275	85.87				2
2020.08.10	10:12:53.276			85.87	100.00000000	120
2020.08.10	10:12:53.276		85.91			4
2020.08.10	10:12:53.276		85.92			4
2020.08.10	10:12:53.276	85.84				2
2020.08.10	10:12:53.277		85.93			4
2020.08.10	10:12:53.277	85.82				2
2020.08.10	10:12:53.277	85.83				2
2020.08.10	10:12:53.277		85.91			4
2020.08.10	10:12:53.278	85.82				2
2020.08.10	10:12:53.279	85.81				2
2020.08.10	10:12:53.280		85.90			4
2020.08.10	10:12:54.508	85.82				2
2020.08.10	10:12:54.509		85.92			4
2020.08.10	10:12:54.511		85.93			4
2020.08.10	10:12:54.511	85.83				2
2020.08.10	10:12:54.512	85.84				2
2020.08.10	10:12:54.828			85.84	100.00000000	88
2020.08.10	10:12:54.828	85.83				2
2020.08.10	10:12:54.870		85.94			4
2020.08.10	10:12:54.954	85.84				2
2020.08.10	10:12:54.954		85.96			4
2020.08.10	10:12:55.279			85.84	100.00000000	88
2020.08.10	10:12:55.279	85.83				2
2020.08.10	10:12:55.280		85.95			4
2020.08.10	10:12:57.748			85.95	100.00000000	56
2020.08.10	10:12:57.748			85.95	400.00000000	56
2020.08.10	10:12:57.748			85.95	300.00000000	56
2020.08.10	10:12:57.749	85.84				2
2020.08.10	10:12:58.500			85.84	100.00000000	88
2020.08.10	10:12:58.500			85.83	200.00000000	88
2020.08.10	10:12:58.500	85.83				2
2020.08.10	10:12:58.501		85.94			4
2020.08.10	10:12:58.502	85.81				2
2020.08.10	10:12:58.502		85.93			4
2020.08.10	10:12:58.502	85.82				2
2020.08.10	10:12:58.904			85.82	100.00000000	88
2020.08.10	10:13:00.283	85.82				2
2020.08.10	10:13:00.731			85.93	100.00000000	56
2020.08.10	10:13:01.482		85.83			4
2020.08.10	10:13:01.482	85.81				2
2020.08.10	10:13:01.483			85.83	100.00000000	120
2020.08.10	10:13:01.483		85.93			4
2020.08.10	10:13:01.483		85.86			4
2020.08.10	10:13:01.484			85.83	400.00000000	120
2020.08.10	10:13:01.484			85.81	100.00000000	88
2020.08.10	10:13:01.484	85.83				2
2020.08.10	10:13:01.484	85.81				2
2020.08.10	10:13:01.485			85.81	100.00000000	88
2020.08.10	10:13:01.485	85.80				2
2020.08.10	10:13:01.486			85.86	100.00000000	56
2020.08.10	10:13:01.486		85.87			4
2020.08.10	10:13:01.487		85.88			4
2020.08.10	10:13:01.487		85.89			4
2020.08.10	10:13:01.487		85.90			4
2020.08.10	10:13:01.488		85.91			4
2020.08.10	10:13:01.488		85.92			4
2020.08.10	10:13:01.488		85.91			4
2020.08.10	10:13:01.488		85.88			4
2020.08.10	10:13:01.488	85.81				2
2020.08.10	10:13:01.702	85.83				2
2020.08.10	10:13:01.705		85.89			4
2020.08.10	10:13:01.706		85.91			4
2020.08.10	10:13:01.909			85.83	100.00000000	88
2020.08.10	10:13:01.909	85.81				2
2020.08.10	10:13:01.910		85.90			4
2020.08.10	10:13:01.911		85.89			4
2020.08.10	10:13:02.116			85.89	100.00000000	56
2020.08.10	10:13:02.116			85.90	100.00000000	56
2020.08.10	10:13:02.116		85.90			4
2020.08.10	10:13:02.117			85.90	400.00000000	56
2020.08.10	10:13:02.117		85.91			4
2020.08.10	10:13:02.117	85.82				2
2020.08.10	10:13:02.119		85.92			4
2020.08.10	10:13:02.119		85.93			4
2020.08.10	10:13:02.160		85.90			4
2020.08.10	10:13:02.161			85.82	400.00000000	88
2020.08.10	10:13:02.162	85.81				2
2020.08.10	10:13:02.250		85.89			4
2020.08.10	10:13:02.263			85.81	100.00000000	88
2020.08.10	10:13:02.263			85.81	100.00000000	88
2020.08.10	10:13:02.263			85.80	100.00000000	88
2020.08.10	10:13:02.263	85.80				2
2020.08.10	10:13:02.390			85.80	100.00000000	88
2020.08.10	10:13:02.412			85.80	100.00000000	88
2020.08.10	10:13:03.837			85.80	100.00000000	88
2020.08.10	10:13:03.966			85.80	200.00000000	88
2020.08.10	10:13:04.124			85.80	100.00000000	88
2020.08.10	10:13:04.192			85.89	300.00000000	56
2020.08.10	10:13:04.722		85.88			4
2020.08.10	10:13:04.724		85.87			4
2020.08.10	10:13:04.724		85.86			4
2020.08.10	10:13:04.726			85.80	1000.00000000	88
2020.08.10	10:13:04.726			85.80	1000.00000000	88
2020.08.10	10:13:04.726			85.80	500.00000000	88
2020.08.10	10:13:04.726			85.80	4900.00000000	88
2020.08.10	10:13:04.727		85.85			4
2020.08.10	10:13:04.728			85.80	5100.00000000	88
2020.08.10	10:13:04.728			85.80	300.00000000	88
2020.08.10	10:13:04.728			85.80	100.00000000	88
2020.08.10	10:13:04.728			85.80	100.00000000	88
2020.08.10	10:13:04.728	85.78				2
2020.08.10	10:13:04.728			85.78	300.00000000	88
2020.08.10	10:13:04.728	85.77				2
2020.08.10	10:13:04.728			85.77	100.00000000	88
2020.08.10	10:13:04.728	85.76				2
2020.08.10	10:13:04.729	85.75				2
2020.08.10	10:13:04.730		85.84			4
2020.08.10	10:13:04.732		85.83			4
2020.08.10	10:13:04.866	85.80				2
2020.08.10	10:13:04.867			85.80	100.00000000	88
2020.08.10	10:13:04.867	85.75				2
2020.08.10	10:13:04.868		85.82			4
2020.08.10	10:13:04.869		85.81			4
2020.08.10	10:13:04.870		85.80			4
2020.08.10	10:13:04.871			85.75	100.00000000	88
2020.08.10	10:13:04.871		85.79			4
2020.08.10	10:13:04.871	85.73				2
2020.08.10	10:13:05.127			85.73	100.00000000	88
2020.08.10	10:13:05.127	85.72				2
2020.08.10	10:13:05.202		85.80			4
2020.08.10	10:13:05.229		85.81			4
2020.08.10	10:13:05.231		85.82			4
2020.08.10	10:13:05.276		85.78			4
2020.08.10	10:13:05.471			85.72	100.00000000	88
2020.08.10	10:13:05.471			85.72	100.00000000	88
2020.08.10	10:13:05.472		85.77			4
2020.08.10	10:13:05.474		85.78			4
2020.08.10	10:13:05.631			85.72	600.00000000	88
2020.08.10	10:13:05.631	85.71				2
2020.08.10	10:13:05.890			85.78	300.00000000	56
2020.08.10	10:13:05.890			85.79	100.00000000	56
2020.08.10	10:13:05.890			85.80	300.00000000	56
2020.08.10	10:13:05.890			85.81	100.00000000	56
2020.08.10	10:13:05.890			85.81	100.00000000	56
2020.08.10	10:13:05.890			85.82	100.00000000	56
2020.08.10	10:13:05.890		85.82			4
2020.08.10	10:13:05.891	85.72				2
2020.08.10	10:13:05.954		85.83			4
2020.08.10	10:13:05.998	85.73				2
2020.08.10	10:13:06.135			85.73	100.00000000	88
2020.08.10	10:13:06.135			85.73	200.00000000	88
2020.08.10	10:13:06.135	85.72				2
2020.08.10	10:13:06.136		85.82			4
2020.08.10	10:13:06.137		85.81			4
2020.08.10	10:13:06.288			85.81	100.00000000	56
2020.08.10	10:13:06.288		85.82			4
2020.08.10	10:13:06.289	85.73				2
2020.08.10	10:13:06.291		85.83			4
2020.08.10	10:13:06.405		85.82			4
2020.08.10	10:13:06.415	85.80				2
2020.08.10	10:13:06.639			85.80	100.00000000	88
2020.08.10	10:13:06.639	85.77				2
2020.08.10	10:13:06.640	85.76				2
2020.08.10	10:13:06.640	85.75				2
2020.08.10	10:13:06.640	85.74				2
2020.08.10	10:13:06.661	85.72				2
2020.08.10	10:13:06.663		85.81			4
2020.08.10	10:13:06.663	85.71				2
2020.08.10	10:13:07.143			85.71	200.00000000	88
2020.08.10	10:13:07.143			85.71	100.00000000	88
2020.08.10	10:13:07.143	85.70				2
2020.08.10	10:13:07.144		85.80			4
2020.08.10	10:13:07.145		85.79			4
2020.08.10	10:13:07.500			85.79	100.00000000	56
2020.08.10	10:13:07.647			85.70	100.00000000	88
2020.08.10	10:13:07.647			85.70	100.00000000	88
2020.08.10	10:13:07.647			85.70	100.00000000	88
2020.08.10	10:13:07.965			85.79	100.00000000	56
2020.08.10	10:13:08.456			85.70	100.00000000	88
2020.08.10	10:13:08.840			85.79	100.00000000	56
2020.08.10	10:13:08.840			85.79	400.00000000	56
2020.08.10	10:13:08.840			85.79	100.00000000	56
2020.08.10	10:13:08.840			85.80	500.00000000	56
2020.08.10	10:13:08.840			85.80	200.00000000	56
2020.08.10	10:13:08.840		85.80			4
2020.08.10	10:13:08.841	85.71				2
2020.08.10	10:13:08.842			85.80	100.00000000	56
2020.08.10	10:13:08.842			85.80	300.00000000	56
2020.08.10	10:13:08.842		85.81			4
2020.08.10	10:13:08.842		85.80			4
2020.08.10	10:13:08.843	85.72				2
2020.08.10	10:13:09.151			85.72	100.00000000	88
2020.08.10	10:13:09.151			85.72	100.00000000	88
2020.08.10	10:13:09.151	85.71				2
2020.08.10	10:13:09.541	85.72				2
2020.08.10	10:13:09.633	85.77				2
2020.08.10	10:13:09.634			85.81	100.00000000	56
2020.08.10	10:13:09.634			85.81	800.00000000	56
2020.08.10	10:13:09.634		85.81			4
2020.08.10	10:13:09.634		85.82			4
2020.08.10	10:13:09.634			85.82	100.00000000	56
2020.08.10	10:13:09.634		85.83			4
2020.08.10	10:13:09.635			85.77	300.00000000	88
2020.08.10	10:13:09.635	85.74				2
2020.08.10	10:13:09.636			85.83	100.00000000	56
2020.08.10	10:13:09.636		85.84			4
2020.08.10	10:13:09.636			85.84	100.00000000	56
2020.08.10	10:13:09.636		85.85			4
2020.08.10	10:13:09.637	85.78				2
2020.08.10	10:13:09.637		85.82			4
2020.08.10	10:13:09.638		85.86			4
2020.08.10	10:13:09.638		85.85			4
2020.08.10	10:13:09.640		85.87			4
2020.08.10	10:13:09.641		85.88			4
2020.08.10	10:13:09.656			85.78	100.00000000	88
2020.08.10	10:13:09.834		85.79			4
2020.08.10	10:13:09.835			85.79	300.00000000	120
2020.08.10	10:13:09.835		85.88			4
2020.08.10	10:13:09.835		85.82			4
2020.08.10	10:13:09.836		85.83			4
2020.08.10	10:13:09.836		85.84			4
2020.08.10	10:13:09.836		85.85			4
2020.08.10	10:13:09.837		85.86			4
2020.08.10	10:13:09.837		85.87			4
2020.08.10	10:13:09.837		85.88			4
2020.08.10	10:13:09.837		85.87			4
2020.08.10	10:13:09.988	85.80				2
2020.08.10	10:13:10.001	85.81				2
2020.08.10	10:13:10.002		85.88			4
2020.08.10	10:13:10.159			85.81	100.00000000	88
2020.08.10	10:13:10.266		85.87			4
2020.08.10	10:13:10.454			85.81	400.00000000	88
2020.08.10	10:13:10.454	85.80				2
2020.08.10	10:13:10.667			85.80	100.00000000	88
2020.08.10	10:13:10.667			85.80	100.00000000	88
2020.08.10	10:13:10.667	85.77				2
2020.08.10	10:13:10.669		85.86			4
2020.08.10	10:13:11.008		85.87			4
2020.08.10	10:13:11.008	85.78				2
2020.08.10	10:13:11.010	85.79				2
2020.08.10	10:13:11.101	85.80				2
2020.08.10	10:13:11.769		85.88			4
2020.08.10	10:13:11.771	85.81				2
2020.08.10	10:13:11.773	85.82				2
2020.08.10	10:13:11.891			85.82	500.00000000	88
2020.08.10	10:13:11.891			85.81	100.00000000	88
2020.08.10	10:13:11.891	85.79				2
2020.08.10	10:13:11.892		85.87			4
2020.08.10	10:13:11.988	85.80				2
2020.08.10	10:13:11.989		85.88			4
2020.08.10	10:13:12.004			85.88	100.00000000	56
2020.08.10	10:13:12.004			85.89	200.00000000	56
2020.08.10	10:13:12.004	85.89	85.90			6
2020.08.10	10:13:12.007			85.90	100.00000000	56
2020.08.10	10:13:12.007		85.93			4
2020.08.10	10:13:12.007	85.90				2
2020.08.10	10:13:12.010			85.93	100.00000000	56
2020.08.10	10:13:12.010			85.93	100.00000000	56
2020.08.10	10:13:12.010		85.94			4
2020.08.10	10:13:12.011		85.96			4
2020.08.10	10:13:12.011	85.91				2
2020.08.10	10:13:12.014		85.97			4
2020.08.10	10:13:12.014		85.94			4
2020.08.10	10:13:12.015		85.99			4
2020.08.10	10:13:12.016		86.00			4
2020.08.10	10:13:12.016	85.90				2
2020.08.10	10:13:12.016	85.92				2
2020.08.10	10:13:12.016	85.90				2
2020.08.10	10:13:12.016		85.98			4
2020.08.10	10:13:12.016		85.97			4
2020.08.10	10:13:12.017	85.91				2
2020.08.10	10:13:12.019		85.99			4
2020.08.10	10:13:12.021		86.00			4
2020.08.10	10:13:12.060		85.94			4
2020.08.10	10:13:12.061			85.94	200.00000000	120
2020.08.10	10:13:12.061		86.00			4
2020.08.10	10:13:12.061	85.92				2
2020.08.10	10:13:12.061		85.94			4
2020.08.10	10:13:12.062			85.94	100.00000000	56
2020.08.10	10:13:12.062		86.00			4
2020.08.10	10:13:12.063	85.91				2
2020.08.10	10:13:12.063	85.93				2
2020.08.10	10:13:12.063		86.02			4
2020.08.10	10:13:12.064		86.01			4
2020.08.10	10:13:12.065			86.01	100.00000000	56
2020.08.10	10:13:12.066			86.01	300.00000000	56
2020.08.10	10:13:12.066	85.94				2
2020.08.10	10:13:12.067		86.02			4
2020.08.10	10:13:12.153		85.97			4
2020.08.10	10:13:12.154			85.93	100.00000000	88
2020.08.10	10:13:12.154			85.92	400.00000000	88
2020.08.10	10:13:12.154	85.93				2
2020.08.10	10:13:12.154			85.91	700.00000000	88
2020.08.10	10:13:12.154			85.91	100.00000000	88
2020.08.10	10:13:12.154			85.91	100.00000000	88
2020.08.10	10:13:12.154			85.90	400.00000000	88
2020.08.10	10:13:12.154			85.90	100.00000000	88
2020.08.10	10:13:12.154	85.89				2
2020.08.10	10:13:12.155	85.90				2
2020.08.10	10:13:12.163			85.90	500.00000000	88
2020.08.10	10:13:12.167	85.89				2
2020.08.10	10:13:12.170	85.90				2
2020.08.10	10:13:12.315		85.98			4
2020.08.10	10:13:12.316		86.00			4
2020.08.10	10:13:12.317		85.99			4
2020.08.10	10:13:12.429			85.90	100.00000000	88
2020.08.10	10:13:12.429	85.89				2
2020.08.10	10:13:12.430		85.98			4
2020.08.10	10:13:12.432		85.97			4
2020.08.10	10:13:12.575			85.89	700.00000000	88
2020.08.10	10:13:12.576		85.96			4
2020.08.10	10:13:12.577		85.97			4
2020.08.10	10:13:12.578		85.96			4
2020.08.10	10:13:12.666			85.89	100.00000000	88
2020.08.10	10:13:13.090		85.97			4
2020.08.10	10:13:13.541		85.98			4
2020.08.10	10:13:13.807			85.89	100.00000000	88
2020.08.10	10:13:13.808		85.97			4
2020.08.10	10:13:13.809		85.96			4
2020.08.10	10:13:13.811		85.98			4
2020.08.10	10:13:14.555		85.99			4
2020.08.10	10:13:14.660		85.98			4
2020.08.10	10:13:15.193		85.99			4
2020.08.10	10:13:15.194	85.90				2
2020.08.10	10:13:15.195		86.00			4
2020.08.10	10:13:15.305		86.02			4
2020.08.10	10:13:15.306		86.01			4
2020.08.10	10:13:15.435	85.91				2
2020.08.10	10:13:15.436		86.02			4
2020.08.10	10:13:15.441	85.92				2
2020.08.10	10:13:15.937			86.02	100.00000000	56
2020.08.10	10:13:15.937			86.02	100.00000000	56
2020.08.10	10:13:15.939			86.02	100.00000000	56
2020.08.10	10:13:15.939			86.02	100.00000000	56
2020.08.10	10:13:15.939			86.02	100.00000000	56
2020.08.10	10:13:15.939			86.02	100.00000000	56
2020.08.10	10:13:15.939		86.04			4
2020.08.10	10:13:15.939	85.93				2
2020.08.10	10:13:15.940	85.94				2
2020.08.10	10:13:15.940		86.05			4
2020.08.10	10:13:15.941		86.04			4
2020.08.10	10:13:15.942		86.05			4
2020.08.10	10:13:16.040		86.04			4
2020.08.10	10:13:16.654			86.04	200.00000000	56
2020.08.10	10:13:16.656		86.05			4
2020.08.10	10:13:16.697			85.94	100.00000000	88
2020.08.10	10:13:16.707			85.94	100.00000000	88
2020.08.10	10:13:16.708			85.94	100.00000000	88
2020.08.10	10:13:16.756		86.04			4
2020.08.10	10:13:17.032		86.00			4
2020.08.10	10:13:17.035	85.93				2
2020.08.10	10:13:17.314			86.00	1000.00000000	56
2020.08.10	10:13:17.314		86.02			4
2020.08.10	10:13:17.315		86.04			4
2020.08.10	10:13:17.315	85.94				2
2020.08.10	10:13:17.315		86.02			4
2020.08.10	10:13:17.316		86.04			4
2020.08.10	10:13:17.343		86.00			4
2020.08.10	10:13:17.490		85.99			4
2020.08.10	10:13:17.492	85.93				2
2020.08.10	10:13:17.700			85.93	100.00000000	88
2020.08.10	10:13:18.373			85.93	600.00000000	88
2020.08.10	10:13:18.373			85.91	100.00000000	88
2020.08.10	10:13:18.373	85.90				2
2020.08.10	10:13:18.374	85.89				2
2020.08.10	10:13:18.375		85.98			4
2020.08.10	10:13:18.703			85.89	100.00000000	88
2020.08.10	10:13:19.491			85.98	100.00000000	56
2020.08.10	10:13:19.491			85.98	100.00000000	56
2020.08.10	10:13:19.492			85.98	100.00000000	56
2020.08.10	10:13:19.492		85.99			4
2020.08.10	10:13:19.492	85.90				2
2020.08.10	10:13:19.494	85.91				2
2020.08.10	10:13:19.496	85.92				2
2020.08.10	10:13:21.279			85.92	200.00000000	88
2020.08.10	10:13:21.404			85.92	100.00000000	88
2020.08.10	10:13:21.405	85.91				2
2020.08.10	10:13:21.410	85.90				2
2020.08.10	10:13:22.183	85.98				2
2020.08.10	10:13:22.184			85.98	2500.00000000	88
2020.08.10	10:13:22.184	85.95				2
2020.08.10	10:13:22.187	85.94				2
2020.08.10	10:13:22.187	85.93				2
2020.08.10	10:13:22.187	85.92				2
2020.08.10	10:13:22.187	85.91				2
2020.08.10	10:13:22.285			85.91	200.00000000	88
2020.08.10	10:13:22.285	85.90				2
2020.08.10	10:13:22.286		85.98			4
2020.08.10	10:13:22.287		85.97			4
2020.08.10	10:13:22.358		85.98			4
2020.08.10	10:13:22.359		85.99			4
2020.08.10	10:13:22.381			85.99	200.00000000	56
2020.08.10	10:13:22.410			85.99	100.00000000	56
2020.08.10	10:13:22.410			85.99	300.00000000	56
2020.08.10	10:13:22.410	85.99	86.00			6
2020.08.10	10:13:22.412			85.99	300.00000000	88
2020.08.10	10:13:22.412	85.96				2
2020.08.10	10:13:22.413	85.95				2
2020.08.10	10:13:22.414	85.94				2
2020.08.10	10:13:22.414	85.93				2
2020.08.10	10:13:22.415	85.91				2
2020.08.10	10:13:22.445	85.92				2
2020.08.10	10:13:22.452		86.02			4
2020.08.10	10:13:22.453		86.04			4
2020.08.10	10:13:22.518	85.93				2
2020.08.10	10:13:22.546	85.94				2
2020.08.10	10:13:22.788			85.94	200.00000000	88
2020.08.10	10:13:23.640		86.05			4
2020.08.10	10:13:23.640		86.04			4
2020.08.10	10:13:23.640	85.95				2
2020.08.10	10:13:23.641		86.05			4
2020.08.10	10:13:23.641	85.94				2
2020.08.10	10:13:23.642	85.96				2
2020.08.10	10:13:23.884	86.00				2
2020.08.10	10:13:23.885		86.06			4
2020.08.10	10:13:23.887	86.01				2
2020.08.10	10:13:23.887		86.07			4
2020.08.10	10:13:24.086			86.07	100.00000000	56
2020.08.10	10:13:24.086			86.07	100.00000000	56
2020.08.10	10:13:24.086			86.08	100.00000000	56
2020.08.10	10:13:24.086		86.09			4
2020.08.10	10:13:24.088	86.02				2
2020.08.10	10:13:24.090	86.03				2
2020.08.10	10:13:24.820			86.09	100.00000000	56
2020.08.10	10:13:24.821			86.09	400.00000000	56
2020.08.10	10:13:24.821			86.09	100.00000000	56
2020.08.10	10:13:24.821		86.10			4
2020.08.10	10:13:24.821	86.04				2
2020.08.10	10:13:24.822			86.10	100.00000000	56
2020.08.10	10:13:24.822		86.11			4
2020.08.10	10:13:24.824	86.05				2
2020.08.10	10:13:24.830			86.11	200.00000000	56
2020.08.10	10:13:24.831			86.11	100.00000000	56
2020.08.10	10:13:24.831			86.11	100.00000000	56
2020.08.10	10:13:24.831		86.12			4
2020.08.10	10:13:25.293			86.05	200.00000000	88
2020.08.10	10:13:25.294		86.11			4
2020.08.10	10:13:25.657			86.05	300.00000000	88
2020.08.10	10:13:25.657			86.05	200.00000000	88
2020.08.10	10:13:25.657	86.04				2
2020.08.10	10:13:25.658		86.10			4
2020.08.10	10:13:25.918			86.04	400.00000000	88
2020.08.10	10:13:25.918	86.01				2
2020.08.10	10:13:25.919	86.00				2
2020.08.10	10:13:25.919		86.09			4
2020.08.10	10:13:25.920	86.01				2
2020.08.10	10:13:25.941	86.08				2
2020.08.10	10:13:25.942		86.10			4
2020.08.10	10:13:25.942			86.08	100.00000000	88
2020.08.10	10:13:25.942		86.11			4
2020.08.10	10:13:25.942	86.05				2
2020.08.10	10:13:25.943	86.04				2
2020.08.10	10:13:25.944	86.03				2
2020.08.10	10:13:25.944	86.02				2
2020.08.10	10:13:25.944	86.01				2
2020.08.10	10:13:25.945	86.00				2
2020.08.10	10:13:25.945	86.03				2
2020.08.10	10:13:26.130			86.03	500.00000000	88
2020.08.10	10:13:26.130	86.00				2
2020.08.10	10:13:26.131		86.10			4
2020.08.10	10:13:26.132		86.09			4
2020.08.10	10:13:26.160	86.01				2
2020.08.10	10:13:26.296			86.01	100.00000000	88
2020.08.10	10:13:26.697			86.01	300.00000000	88
2020.08.10	10:13:26.799			86.01	100.00000000	88
2020.08.10	10:13:27.645			86.01	100.00000000	88
2020.08.10	10:13:27.665	86.00				2
2020.08.10	10:13:28.455	86.01				2
2020.08.10	10:13:28.693			86.01	500.00000000	88
2020.08.10	10:13:28.693			86.01	100.00000000	88
2020.08.10	10:13:28.693	86.00				2
2020.08.10	10:13:28.694		86.08			4
2020.08.10	10:13:28.695		86.07			4
2020.08.10	10:13:29.284			86.00	200.00000000	88
2020.08.10	10:13:29.303			86.00	100.00000000	88
2020.08.10	10:13:29.753			86.07	100.00000000	56
2020.08.10	10:13:29.753			86.07	100.00000000	56
2020.08.10	10:13:29.753			86.08	100.00000000	56
2020.08.10	10:13:29.753			86.09	100.00000000	56
2020.08.10	10:13:29.753			86.10	100.00000000	56
2020.08.10	10:13:29.753			86.10	200.00000000	56
2020.08.10	10:13:29.753			86.10	300.00000000	56
2020.08.10	10:13:29.753		86.10			4
2020.08.10	10:13:29.755	86.01				2
2020.08.10	10:13:29.807			86.01	100.00000000	88
2020.08.10	10:13:29.880		86.09			4
2020.08.10	10:13:31.169			86.01	200.00000000	88
2020.08.10	10:13:31.201	86.00				2
2020.08.10	10:13:31.348		86.08			4
2020.08.10	10:13:32.308			86.00	100.00000000	88
2020.08.10	10:13:32.309		86.07			4
2020.08.10	10:13:32.421			86.07	100.00000000	56
2020.08.10	10:13:32.421		86.08			4
2020.08.10	10:13:32.547		86.07			4
2020.08.10	10:13:33.568	86.01				2
2020.08.10	10:13:33.824			86.01	400.00000000	88
2020.08.10	10:13:34.312			86.01	100.00000000	88
2020.08.10	10:13:34.709	86.00				2
2020.08.10	10:13:35.922			86.00	100.00000000	88
2020.08.10	10:13:39.022			86.07	300.00000000	56
2020.08.10	10:13:39.022			86.07	100.00000000	56
2020.08.10	10:13:39.022			86.07	100.00000000	56
2020.08.10	10:13:39.023			86.07	500.00000000	56
2020.08.10	10:13:39.023		86.08			4
2020.08.10	10:13:39.024	86.01				2
2020.08.10	10:13:39.031	86.02				2
2020.08.10	10:13:39.033	86.03				2
2020.08.10	10:13:39.034			86.08	100.00000000	56
2020.08.10	10:13:39.034			86.08	100.00000000	56
2020.08.10	10:13:39.034		86.10			4
2020.08.10	10:13:39.526			86.03	100.00000000	88
2020.08.10	10:13:39.864			86.10	100.00000000	56
2020.08.10	10:13:39.864			86.10	100.00000000	56
2020.08.10	10:13:39.864		86.11			4
2020.08.10	10:13:39.865	86.04				2
2020.08.10	10:13:39.867	86.05				2
2020.08.10	10:13:39.868			86.11	100.00000000	56
2020.08.10	10:13:39.868			86.12	4600.00000000	56
2020.08.10	10:13:39.868		86.12			4
2020.08.10	10:13:39.869	86.06				2
2020.08.10	10:13:39.870			86.12	1300.00000000	56
2020.08.10	10:13:39.871			86.12	900.00000000	56
2020.08.10	10:13:39.872	86.07				2
2020.08.10	10:13:39.873			86.12	3200.00000000	56
2020.08.10	10:13:39.873			86.12	100.00000000	56
2020.08.10	10:13:39.873	86.08				2
2020.08.10	10:13:39.873			86.13	400.00000000	56
2020.08.10	10:13:39.873		86.13			4
2020.08.10	10:13:39.873		86.14			4
2020.08.10	10:13:39.874	86.09				2
2020.08.10	10:13:39.874		86.17			4
2020.08.10	10:13:39.875		86.14			4
2020.08.10	10:13:39.875	86.10				2
2020.08.10	10:13:39.876		86.17			4
2020.08.10	10:13:40.029			86.10	500.00000000	88
2020.08.10	10:13:40.029			86.10	100.00000000	88
2020.08.10	10:13:40.029			86.10	200.00000000	88
2020.08.10	10:13:40.029	86.09				2
2020.08.10	10:13:40.029	86.10				2
2020.08.10	10:13:40.029		86.18			4
2020.08.10	10:13:40.030		86.16			4
2020.08.10	10:13:40.037		86.18			4
2020.08.10	10:13:40.534			86.10	400.00000000	88
2020.08.10	10:13:40.572			86.10	100.00000000	88
2020.08.10	10:13:40.572			86.10	100.00000000	88
2020.08.10	10:13:40.572			86.10	100.00000000	88
2020.08.10	10:13:40.753		86.17			4
2020.08.10	10:13:40.754	86.08				2
2020.08.10	10:13:40.756		86.16			4
2020.08.10	10:13:40.772		86.15			4
2020.08.10	10:13:40.772	86.07				2
2020.08.10	10:13:40.773	86.06				2
2020.08.10	10:13:40.774		86.14			4
2020.08.10	10:13:40.957			86.06	200.00000000	88
2020.08.10	10:13:40.957	86.05				2
2020.08.10	10:13:40.958		86.13			4
2020.08.10	10:13:40.958	86.04				2
2020.08.10	10:13:40.959		86.12			4
2020.08.10	10:13:40.960	86.03				2
2020.08.10	10:13:40.961		86.11			4
2020.08.10	10:13:40.963		86.10			4
2020.08.10	10:13:41.038			86.03	100.00000000	88
2020.08.10	10:13:41.038		86.09			4
2020.08.10	10:13:41.294			86.03	100.00000000	88
2020.08.10	10:13:41.294			86.03	600.00000000	88
2020.08.10	10:13:41.294	86.02				2
2020.08.10	10:13:41.295	86.01				2
2020.08.10	10:13:41.296		86.08			4
2020.08.10	10:13:41.297		86.07			4
2020.08.10	10:13:41.299		86.06			4
2020.08.10	10:13:41.445			86.01	500.00000000	88
2020.08.10	10:13:41.445	86.00				2
2020.08.10	10:13:41.446		86.05			4
2020.08.10	10:13:41.544			86.00	100.00000000	88
2020.08.10	10:13:41.633			86.00	100.00000000	88
2020.08.10	10:13:41.658			86.00	300.00000000	88
2020.08.10	10:13:41.658			86.00	300.00000000	88
2020.08.10	10:13:42.048			86.00	100.00000000	88
2020.08.10	10:13:42.269		86.04			4
2020.08.10	10:13:42.270			86.00	600.00000000	88
2020.08.10	10:13:42.270			86.00	500.00000000	88
2020.08.10	10:13:42.270			86.00	100.00000000	88
2020.08.10	10:13:42.270			86.00	100.00000000	88
2020.08.10	10:13:42.270	85.99				2
2020.08.10	10:13:42.270			85.99	100.00000000	88
2020.08.10	10:13:42.270			85.99	100.00000000	88
2020.08.10	10:13:42.270	85.97				2
2020.08.10	10:13:42.272		86.03			4
2020.08.10	10:13:42.272	85.95				2
2020.08.10	10:13:42.272	85.94				2
2020.08.10	10:13:42.273	85.96				2
2020.08.10	10:13:42.275	85.91				2
2020.08.10	10:13:42.277	85.90				2
2020.08.10	10:13:42.440			86.03	500.00000000	56
2020.08.10	10:13:42.440			86.03	100.00000000	56
2020.08.10	10:13:42.440			86.03	100.00000000	56
2020.08.10	10:13:42.440			86.03	200.00000000	56
2020.08.10	10:13:42.440		86.04			4
2020.08.10	10:13:42.441	85.91				2
2020.08.10	10:13:42.441		86.03			4
2020.08.10	10:13:42.443	85.92				2
2020.08.10	10:13:42.552			85.92	100.00000000	88
2020.08.10	10:13:42.552	85.91				2
2020.08.10	10:13:42.553		86.02			4
2020.08.10	10:13:42.555		86.01			4
2020.08.10	10:13:42.566		86.00			4
2020.08.10	10:13:42.572			85.91	100.00000000	88
2020.08.10	10:13:42.572			85.91	100.00000000	88
2020.08.10	10:13:42.573		85.99			4
2020.08.10	10:13:42.574	85.90				2
2020.08.10	10:13:42.574		85.98			4
2020.08.10	10:13:43.056			85.90	200.00000000	88
2020.08.10	10:13:43.056			85.90	200.00000000	88
2020.08.10	10:13:43.056			85.90	100.00000000	88
2020.08.10	10:13:43.056			85.90	100.00000000	88
2020.08.10	10:13:43.812			85.90	100.00000000	88
2020.08.10	10:13:43.812			85.90	100.00000000	88
2020.08.10	10:13:43.812	85.89				2
2020.08.10	10:13:43.857	85.97				2
2020.08.10	10:13:43.858		86.00			4
2020.08.10	10:13:43.858			85.97	2000.00000000	88
2020.08.10	10:13:43.858	85.94				2
2020.08.10	10:13:43.859		86.01			4
2020.08.10	10:13:43.859		86.02			4
2020.08.10	10:13:43.860		85.99			4
2020.08.10	10:13:43.860	85.93				2
2020.08.10	10:13:43.860	85.92				2
2020.08.10	10:13:43.860	85.91				2
2020.08.10	10:13:43.861	85.90				2
2020.08.10	10:13:43.868		86.01			4
2020.08.10	10:13:43.869		86.00			4
2020.08.10	10:13:43.870	85.89				2
2020.08.10	10:13:43.958		85.99			4
2020.08.10	10:13:44.059			85.89	300.00000000	88
2020.08.10	10:13:44.213			85.89	300.00000000	88
2020.08.10	10:13:44.214		85.98			4
2020.08.10	10:13:44.216		85.97			4
2020.08.10	10:13:44.306		85.96			4
2020.08.10	10:13:44.307		85.95			4
2020.08.10	10:13:44.406			85.89	200.00000000	88
2020.08.10	10:13:44.521			85.89	100.00000000	88
2020.08.10	10:13:45.036			85.89	900.00000000	88
2020.08.10	10:13:45.063			85.89	100.00000000	88
2020.08.10	10:13:45.180			85.95	100.00000000	56
2020.08.10	10:13:45.180			85.96	100.00000000	56
2020.08.10	10:13:45.180			85.97	100.00000000	56
2020.08.10	10:13:45.180			85.98	100.00000000	56
2020.08.10	10:13:45.180			85.98	100.00000000	56
2020.08.10	10:13:45.180			85.99	100.00000000	56
2020.08.10	10:13:45.180			85.99	100.00000000	56
2020.08.10	10:13:45.180			85.99	100.00000000	56
2020.08.10	10:13:45.180			86.00	100.00000000	56
2020.08.10	10:13:45.180			86.00	200.00000000	56
2020.08.10	10:13:45.180		86.00			4
2020.08.10	10:13:45.182	85.90				2
2020.08.10	10:13:45.182		85.99			4
2020.08.10	10:13:45.216	85.89				2
2020.08.10	10:13:45.307		85.98			4
2020.08.10	10:13:45.519		85.99			4
2020.08.10	10:13:45.520	85.90				2
2020.08.10	10:13:45.532	85.89				2
2020.08.10	10:13:45.567			85.89	100.00000000	88
2020.08.10	10:13:45.568		85.98			4
2020.08.10	10:13:45.621		85.97			4
2020.08.10	10:13:45.922			85.89	400.00000000	88
2020.08.10	10:13:45.923		85.96			4
2020.08.10	10:13:46.071			85.89	100.00000000	88
2020.08.10	10:13:46.072		85.95			4
2020.08.10	10:13:46.308		85.96			4
2020.08.10	10:13:46.544		85.97			4
2020.08.10	10:13:46.750			85.97	100.00000000	56
2020.08.10	10:13:46.758			85.97	100.00000000	56
2020.08.10	10:13:46.759			85.97	100.00000000	56
2020.08.10	10:13:46.759		85.98			4
2020.08.10	10:13:46.759	85.90				2
2020.08.10	10:13:46.761		85.99			4
2020.08.10	10:13:46.762		86.00			4
2020.08.10	10:13:47.118		85.99			4
2020.08.10	10:13:47.269		86.00			4
2020.08.10	10:13:47.393	85.91				2
2020.08.10	10:13:47.404	85.92				2
2020.08.10	10:13:47.752	85.93				2
2020.08.10	10:13:47.753	85.94				2
2020.08.10	10:13:47.949			85.94	100.00000000	88
2020.08.10	10:13:47.949		86.02			4
2020.08.10	10:13:47.979	85.98				2
2020.08.10	10:13:47.980		86.04			4
2020.08.10	10:13:47.981		86.05			4
2020.08.10	10:13:48.165		86.06			4
2020.08.10	10:13:48.166	85.99				2
2020.08.10	10:13:48.168		86.07			4
2020.08.10	10:13:48.313	86.01				2
2020.08.10	10:13:48.314		86.08			4
2020.08.10	10:13:49.174		86.09			4
2020.08.10	10:13:49.175	86.02				2
2020.08.10	10:13:49.177	86.03				2
2020.08.10	10:13:49.273		86.07			4
2020.08.10	10:13:49.274	86.02				2
2020.08.10	10:13:49.274	86.01				2
2020.08.10	10:13:49.430			86.07	300.00000000	56
2020.08.10	10:13:49.430			86.09	100.00000000	56
2020.08.10	10:13:49.430			86.09	300.00000000	56
2020.08.10	10:13:49.430		86.09			4
2020.08.10	10:13:49.431		86.10			4
2020.08.10	10:13:49.431	86.02				2
2020.08.10	10:13:49.575			86.02	100.00000000	88
2020.08.10	10:13:49.576		86.09			4
2020.08.10	10:13:49.577	86.01				2
2020.08.10	10:13:50.046			86.09	100.00000000	56
2020.08.10	10:13:51.308		86.08			4
2020.08.10	10:13:51.312		86.07			4
2020.08.10	10:13:51.412	86.04				2
2020.08.10	10:13:51.413			86.04	100.00000000	88
2020.08.10	10:13:51.413	86.01				2
2020.08.10	10:13:51.414		86.06			4
2020.08.10	10:13:51.520		86.05			4
2020.08.10	10:13:51.532		86.04			4
2020.08.10	10:13:51.551			86.01	200.00000000	88
2020.08.10	10:13:51.551			86.01	100.00000000	88
2020.08.10	10:13:51.561			86.04	200.00000000	56
2020.08.10	10:13:51.561		86.05			4
2020.08.10	10:13:51.579			86.01	100.00000000	88
2020.08.10	10:13:51.634		86.04			4
2020.08.10	10:13:51.792			86.04	100.00000000	56
2020.08.10	10:13:51.792			86.04	200.00000000	56
2020.08.10	10:13:51.792			86.05	100.00000000	56
2020.08.10	10:13:51.792			86.05	200.00000000	56
2020.08.10	10:13:51.792			86.06	200.00000000	56
2020.08.10	10:13:51.792			86.06	100.00000000	56
2020.08.10	10:13:51.792			86.07	200.00000000	56
2020.08.10	10:13:51.792			86.07	100.00000000	56
2020.08.10	10:13:51.792			86.07	100.00000000	56
2020.08.10	10:13:51.792			86.08	100.00000000	56
2020.08.10	10:13:51.792			86.08	200.00000000	56
2020.08.10	10:13:51.792			86.08	500.00000000	56
2020.08.10	10:13:51.792			86.08	400.00000000	56
2020.08.10	10:13:51.792			86.08	100.00000000	56
2020.08.10	10:13:51.792			86.09	200.00000000	56
2020.08.10	10:13:51.792			86.09	100.00000000	56
2020.08.10	10:13:51.792			86.09	100.00000000	56
2020.08.10	10:13:51.792		86.09			4
2020.08.10	10:13:51.793			86.02	100.00000000	120
2020.08.10	10:13:51.793	86.02				2
2020.08.10	10:13:51.920	86.01				2
2020.08.10	10:13:52.084			86.01	100.00000000	88
2020.08.10	10:13:52.084			86.01	200.00000000	88
2020.08.10	10:13:52.086		86.08			4
2020.08.10	10:13:52.202			86.01	200.00000000	88
2020.08.10	10:13:52.202			86.01	200.00000000	88
2020.08.10	10:13:52.202	86.00				2
2020.08.10	10:13:52.203		86.07			4
2020.08.10	10:13:52.204		86.06			4
2020.08.10	10:13:52.462			86.06	200.00000000	56
2020.08.10	10:13:52.462	86.06	86.07			6
2020.08.10	10:13:52.463			86.06	100.00000000	88
2020.08.10	10:13:52.463		86.08			4
2020.08.10	10:13:52.463	86.00				2
2020.08.10	10:13:52.463	86.01				2
2020.08.10	10:13:52.463	86.03				2
2020.08.10	10:13:52.465	86.02				2
2020.08.10	10:13:52.465	86.01				2
2020.08.10	10:13:52.540			86.01	200.00000000	88
2020.08.10	10:13:52.589			86.01	100.00000000	88
2020.08.10	10:13:52.591		86.07			4
2020.08.10	10:13:52.594	86.00				2
2020.08.10	10:13:52.789		86.06			4
2020.08.10	10:13:53.433			86.00	100.00000000	88
2020.08.10	10:13:53.434		86.05			4
2020.08.10	10:13:53.467		86.06			4
2020.08.10	10:13:54.226		86.05			4
2020.08.10	10:13:54.336	85.98				2
2020.08.10	10:13:54.489	85.99				2
2020.08.10	10:13:54.595			86.05	100.00000000	56
2020.08.10	10:13:54.595			86.06	100.00000000	56
2020.08.10	10:13:54.595			86.06	200.00000000	56
2020.08.10	10:13:54.595			86.06	100.00000000	56
2020.08.10	10:13:54.595		86.06			4
2020.08.10	10:13:54.596			86.06	400.00000000	56
2020.08.10	10:13:54.596		86.07			4
2020.08.10	10:13:54.596	86.00				2
2020.08.10	10:13:54.717			86.07	100.00000000	56
2020.08.10	10:13:54.717			86.07	100.00000000	56
2020.08.10	10:13:54.719		86.08			4
2020.08.10	10:13:54.729			86.00	200.00000000	88
2020.08.10	10:13:54.772		86.05			4
2020.08.10	10:13:55.233	85.99				2
2020.08.10	10:13:55.572			85.99	200.00000000	88
2020.08.10	10:13:56.621			86.05	100.00000000	56
2020.08.10	10:13:57.020			85.99	200.00000000	88
2020.08.10	10:13:57.591			85.99	100.00000000	88
2020.08.10	10:13:57.592		86.04			4
2020.08.10	10:13:58.075			85.99	100.00000000	88
2020.08.10	10:13:58.075			85.99	100.00000000	88
2020.08.10	10:13:58.075			85.98	100.00000000	88
2020.08.10	10:13:58.075	85.98				2
2020.08.10	10:13:58.079		86.03			4
2020.08.10	10:13:58.081			85.98	1900.00000000	88
2020.08.10	10:13:58.081	85.95				2
2020.08.10	10:13:58.082		86.02			4
2020.08.10	10:13:58.083	85.93				2
2020.08.10	10:13:58.085	85.92				2
2020.08.10	10:13:58.086	85.91				2
2020.08.10	10:13:58.089		86.01			4
2020.08.10	10:13:58.097	85.90				2
2020.08.10	10:13:58.125		86.00			4
2020.08.10	10:13:58.127		85.99			4
2020.08.10	10:13:58.128		85.98			4
2020.08.10	10:13:58.232			85.90	300.00000000	88
2020.08.10	10:13:58.233		85.97			4
2020.08.10	10:13:58.320		85.96			4
2020.08.10	10:13:58.330		85.97			4
2020.08.10	10:13:58.422		85.96			4
2020.08.10	10:13:58.702		85.97			4
2020.08.10	10:13:58.702		85.98			4
2020.08.10	10:13:58.926		85.96			4
2020.08.10	10:13:59.486			85.90	100.00000000	88
2020.08.10	10:13:59.486			85.90	100.00000000	88
2020.08.10	10:13:59.486			85.90	200.00000000	88
2020.08.10	10:13:59.486	85.89				2
2020.08.10	10:13:59.487		85.95			4
2020.08.10	10:14:00.000	85.89				2
2020.08.10	10:14:01.709			85.89	200.00000000	88
2020.08.10	10:14:01.709	85.88				2
2020.08.10	10:14:01.710		85.94			4
2020.08.10	10:14:02.466			85.94	100.00000000	56
2020.08.10	10:14:02.537		85.95			4
2020.08.10	10:14:02.642			85.88	100.00000000	88
2020.08.10	10:14:02.642	85.86				2
2020.08.10	10:14:02.643		85.94			4
2020.08.10	10:14:02.645		85.93			4
2020.08.10	10:14:02.737			85.86	100.00000000	88
2020.08.10	10:14:02.737			85.86	100.00000000	88
2020.08.10	10:14:02.737	85.85				2
2020.08.10	10:14:02.738		85.92			4
2020.08.10	10:14:03.000			85.92	100.00000000	56
2020.08.10	10:14:03.522		85.93			4
2020.08.10	10:14:03.969			85.85	100.00000000	88
2020.08.10	10:14:03.969			85.82	100.00000000	88
2020.08.10	10:14:03.969			85.82	100.00000000	88
2020.08.10	10:14:03.969			85.81	100.00000000	88
2020.08.10	10:14:03.969			85.81	100.00000000	88
2020.08.10	10:14:03.969			85.80	100.00000000	88
2020.08.10	10:14:03.969			85.80	100.00000000	88
2020.08.10	10:14:03.969			85.80	300.00000000	88
2020.08.10	10:14:03.969	85.80				2
2020.08.10	10:14:03.970		85.92			4
2020.08.10	10:14:03.970	85.81				2
2020.08.10	10:14:03.971		85.91			4
2020.08.10	10:14:03.973		85.90			4
2020.08.10	10:14:04.100			85.90	100.00000000	56
2020.08.10	10:14:04.100		85.91			4
2020.08.10	10:14:04.101	85.82				2
2020.08.10	10:14:04.102		85.92			4
2020.08.10	10:14:04.241			85.82	100.00000000	88
2020.08.10	10:14:04.980	85.83				2
2020.08.10	10:14:05.270	85.84				2
2020.08.10	10:14:05.272	85.85				2
2020.08.10	10:14:05.449	85.90				2
2020.08.10	10:14:05.698		85.93			4
2020.08.10	10:14:05.699		85.94			4
2020.08.10	10:14:05.752			85.90	100.00000000	88
2020.08.10	10:14:05.752			85.90	100.00000000	88
2020.08.10	10:14:05.752	85.88				2
2020.08.10	10:14:05.753	85.86				2
2020.08.10	10:14:05.959	85.85				2
2020.08.10	10:14:05.960	85.84				2
2020.08.10	10:14:06.228			85.84	100.00000000	88
2020.08.10	10:14:06.229		85.93			4
2020.08.10	10:14:06.230	85.83				2
2020.08.10	10:14:07.543	85.84				2
2020.08.10	10:14:08.020			85.93	100.00000000	56
2020.08.10	10:14:08.020			85.93	100.00000000	56
2020.08.10	10:14:08.022	85.85				2
2020.08.10	10:14:08.148	85.86				2
2020.08.10	10:14:08.244			85.86	100.00000000	88
2020.08.10	10:14:08.244	85.85				2
2020.08.10	10:14:08.245		85.92			4
2020.08.10	10:14:08.248	85.84				2
2020.08.10	10:14:08.371	85.85				2
2020.08.10	10:14:09.182			85.85	100.00000000	88
2020.08.10	10:14:09.182			85.84	100.00000000	88
2020.08.10	10:14:09.182			85.83	100.00000000	88
2020.08.10	10:14:09.182	85.83				2
2020.08.10	10:14:09.183		85.91			4
2020.08.10	10:14:10.328			85.83	100.00000000	88
2020.08.10	10:14:10.328	85.82				2
2020.08.10	10:14:10.329		85.90			4
2020.08.10	10:14:10.330	85.81				2
2020.08.10	10:14:10.818		85.89			4
2020.08.10	10:14:10.819	85.80				2
2020.08.10	10:14:10.820		85.88			4
2020.08.10	10:14:11.475			85.88	100.00000000	56
2020.08.10	10:14:11.964			85.88	400.00000000	56
2020.08.10	10:14:11.964			85.88	200.00000000	56
2020.08.10	10:14:11.964		85.89			4
2020.08.10	10:14:11.966	85.81				2
2020.08.10	10:14:12.199	85.80				2
2020.08.10	10:14:12.209			85.80	300.00000000	88
2020.08.10	10:14:12.216		85.88			4
2020.08.10	10:14:12.243		85.87			4
2020.08.10	10:14:12.249			85.80	100.00000000	88
2020.08.10	10:14:12.252		85.86			4
2020.08.10	10:14:12.426			85.80	100.00000000	88
2020.08.10	10:14:13.132			85.86	100.00000000	56
2020.08.10	10:14:13.132		85.88			4
2020.08.10	10:14:13.133	85.81				2
2020.08.10	10:14:13.133		85.89			4
2020.08.10	10:14:13.608	85.82				2
2020.08.10	10:14:13.881	85.83				2
2020.08.10	10:14:14.312		85.90			4
2020.08.10	10:14:14.500	85.84				2
2020.08.10	10:14:14.506		85.91			4
2020.08.10	10:14:14.508		85.92			4
2020.08.10	10:14:14.510		85.93			4
2020.08.10	10:14:14.769	85.85				2
2020.08.10	10:14:15.027	85.90				2
2020.08.10	10:14:15.707			85.93	100.00000000	56
2020.08.10	10:14:15.707		85.94			4
2020.08.10	10:14:15.711			85.94	100.00000000	56
2020.08.10	10:14:15.711		85.97			4
2020.08.10	10:14:15.711	85.91				2
2020.08.10	10:14:15.712		85.98			4
2020.08.10	10:14:15.713	85.92				2
2020.08.10	10:14:15.715		86.01			4
2020.08.10	10:14:15.715		86.00			4
2020.08.10	10:14:15.717		86.01			4
2020.08.10	10:14:15.718		86.02			4
2020.08.10	10:14:15.719		86.01			4
2020.08.10	10:14:15.754			85.92	100.00000000	88
2020.08.10	10:14:15.754	85.91				2
2020.08.10	10:14:15.755		86.00			4
2020.08.10	10:14:15.880	85.92				2
2020.08.10	10:14:15.975	85.91				2
2020.08.10	10:14:16.281		85.99			4
2020.08.10	10:14:16.314			85.99	100.00000000	56
2020.08.10	10:14:17.048			85.91	300.00000000	88
2020.08.10	10:14:17.050		85.98			4
2020.08.10	10:14:17.053			85.91	100.00000000	88
2020.08.10	10:14:17.054			85.91	100.00000000	88
2020.08.10	10:14:17.054	85.90				2
2020.08.10	10:14:17.055		85.97			4
2020.08.10	10:14:17.060		85.96			4
2020.08.10	10:14:17.969			85.96	100.00000000	56
2020.08.10	10:14:17.971		85.97			4
2020.08.10	10:14:18.476			85.90	100.00000000	88
2020.08.10	10:14:18.477		85.96			4
2020.08.10	10:14:18.758			85.90	100.00000000	88
2020.08.10	10:14:20.977			85.90	100.00000000	88
2020.08.10	10:14:20.977			85.87	100.00000000	88
2020.08.10	10:14:20.977			85.87	100.00000000	88
2020.08.10	10:14:20.977	85.86				2
2020.08.10	10:14:20.979		85.95			4
2020.08.10	10:14:20.981	85.85				2
2020.08.10	10:14:20.984	85.84				2
2020.08.10	10:14:21.069		85.94			4
2020.08.10	10:14:21.071		85.93			4
2020.08.10	10:14:21.072		85.92			4
2020.08.10	10:14:21.077		85.91			4
2020.08.10	10:14:21.125			85.84	100.00000000	88
2020.08.10	10:14:21.125			85.81	100.00000000	88
2020.08.10	10:14:21.125	85.81				2
2020.08.10	10:14:21.126		85.90			4
2020.08.10	10:14:21.126	85.80				2
2020.08.10	10:14:21.129		85.89			4
2020.08.10	10:14:21.211		85.88			4
2020.08.10	10:14:21.212		85.89			4
2020.08.10	10:14:21.212		85.90			4
2020.08.10	10:14:21.213		85.88			4
2020.08.10	10:14:21.244			85.88	500.00000000	56
2020.08.10	10:14:21.244			85.90	100.00000000	56
2020.08.10	10:14:21.244			85.90	100.00000000	56
2020.08.10	10:14:21.244		85.91			4
2020.08.10	10:14:21.245	85.81				2
2020.08.10	10:14:21.246		85.90			4
2020.08.10	10:14:21.464		85.89			4
2020.08.10	10:14:21.472			85.81	100.00000000	88
2020.08.10	10:14:21.542		85.90			4
2020.08.10	10:14:21.635			85.81	100.00000000	88
2020.08.10	10:14:21.635	85.80				2
2020.08.10	10:14:21.636		85.89			4
2020.08.10	10:14:21.782			85.80	200.00000000	88
2020.08.10	10:14:21.783		85.88			4
2020.08.10	10:14:21.995		85.89			4
2020.08.10	10:14:22.291		85.88			4
2020.08.10	10:14:23.525			85.88	100.00000000	56
2020.08.10	10:14:23.525		85.89			4
2020.08.10	10:14:23.526	85.81				2
2020.08.10	10:14:23.527		85.90			4
2020.08.10	10:14:23.613			85.90	100.00000000	56
2020.08.10	10:14:23.613			85.90	100.00000000	56
2020.08.10	10:14:23.614		85.91			4
2020.08.10	10:14:23.614	85.82				2
2020.08.10	10:14:23.831	85.83				2
2020.08.10	10:14:23.977			85.83	100.00000000	88
2020.08.10	10:14:23.977	85.82				2
2020.08.10	10:14:23.978		85.90			4
2020.08.10	10:14:24.712		85.91			4
2020.08.10	10:14:24.983	85.83				2
2020.08.10	10:14:26.997	85.82				2
2020.08.10	10:14:27.186			85.91	100.00000000	56
2020.08.10	10:14:27.187	85.83				2
2020.08.10	10:14:27.345			85.91	100.00000000	56
2020.08.10	10:14:27.757		85.92			4
2020.08.10	10:14:27.759	85.84				2
2020.08.10	10:14:27.760		85.93			4
2020.08.10	10:14:27.760		85.94			4
2020.08.10	10:14:27.760	85.85				2
2020.08.10	10:14:27.886			85.85	100.00000000	88
2020.08.10	10:14:27.886	85.84				2
2020.08.10	10:14:27.887		85.93			4
2020.08.10	10:14:28.368	85.85				2
2020.08.10	10:14:28.840			85.93	100.00000000	56
2020.08.10	10:14:28.840		85.94			4
2020.08.10	10:14:28.841	85.86				2
2020.08.10	10:14:28.842	85.87				2
2020.08.10	10:14:29.001		85.95			4
2020.08.10	10:14:29.983		85.96			4
2020.08.10	10:14:29.985	85.88				2
2020.08.10	10:14:29.985		85.97			4
2020.08.10	10:14:29.986	85.89				2
2020.08.10	10:14:30.124		85.95			4
2020.08.10	10:14:30.502	85.88				2
2020.08.10	10:14:30.504	85.87				2
2020.08.10	10:14:30.505	85.86				2
2020.08.10	10:14:30.507	85.85				2
2020.08.10	10:14:30.658	85.89				2
2020.08.10	10:14:36.799		85.90			4
2020.08.10	10:14:36.801			85.90	100.00000000	120
2020.08.10	10:14:36.801		85.95			4
2020.08.10	10:14:36.801			85.89	100.00000000	88
2020.08.10	10:14:36.801			85.88	200.00000000	88
2020.08.10	10:14:36.801	85.87				2
2020.08.10	10:14:36.801		85.93			4
2020.08.10	10:14:36.802	85.86				2
2020.08.10	10:14:36.802		85.94			4
2020.08.10	10:14:37.019			85.86	100.00000000	88
2020.08.10	10:14:37.019			85.85	100.00000000	88
2020.08.10	10:14:37.019			85.84	100.00000000	88
2020.08.10	10:14:37.019	85.83				2
2020.08.10	10:14:37.020		85.93			4
2020.08.10	10:14:37.028		85.92			4
2020.08.10	10:14:37.029	85.82				2
2020.08.10	10:14:37.034		85.93			4
2020.08.10	10:14:37.129		85.92			4
2020.08.10	10:14:37.169			85.82	100.00000000	88
2020.08.10	10:14:37.169	85.81				2
2020.08.10	10:14:37.170		85.91			4
2020.08.10	10:14:37.172		85.90			4
2020.08.10	10:14:37.303			85.81	100.00000000	88
2020.08.10	10:14:37.304		85.89			4
2020.08.10	10:14:37.305		85.91			4
2020.08.10	10:14:37.306	85.80				2
2020.08.10	10:14:37.306		85.90			4
2020.08.10	10:14:37.308	85.81				2
2020.08.10	10:14:37.800			85.81	100.00000000	88
2020.08.10	10:14:37.800			85.81	100.00000000	88
2020.08.10	10:14:37.800	85.80				2
2020.08.10	10:14:37.801	85.81				2
2020.08.10	10:14:37.801		85.89			4
2020.08.10	10:14:38.054		85.90			4
2020.08.10	10:14:38.257			85.81	100.00000000	88
2020.08.10	10:14:38.257			85.81	100.00000000	88
2020.08.10	10:14:38.257	85.80				2
2020.08.10	10:14:38.258		85.89			4
2020.08.10	10:14:38.258	85.81				2
2020.08.10	10:14:39.026		85.90			4
2020.08.10	10:14:39.027		85.91			4
2020.08.10	10:14:39.027	85.82				2
2020.08.10	10:14:39.028	85.83				2
2020.08.10	10:14:39.031		85.92			4
2020.08.10	10:14:39.033	85.84				2
2020.08.10	10:14:39.036	85.85				2
2020.08.10	10:14:39.491		85.93			4
2020.08.10	10:14:39.493		85.94			4
2020.08.10	10:14:39.494	85.86				2
2020.08.10	10:14:39.722	85.87				2
2020.08.10	10:14:39.722		85.95			4
2020.08.10	10:14:39.724	85.88				2
2020.08.10	10:14:39.876	85.89				2
2020.08.10	10:14:40.318	85.90				2
2020.08.10	10:14:40.508		85.97			4
2020.08.10	10:14:41.061			85.90	100.00000000	88
2020.08.10	10:14:41.061			85.90	200.00000000	88
2020.08.10	10:14:41.306			85.90	100.00000000	88
2020.08.10	10:14:41.306	85.89				2
2020.08.10	10:14:41.307		85.96			4
2020.08.10	10:14:41.402	85.88				2
2020.08.10	10:14:41.419	85.87				2
2020.08.10	10:14:41.419		85.95			4
2020.08.10	10:14:41.421		85.94			4
2020.08.10	10:14:42.053			85.94	100.00000000	56
2020.08.10	10:14:42.414			85.94	100.00000000	56
2020.08.10	10:14:42.662			85.87	100.00000000	88
2020.08.10	10:14:42.663		85.93			4
2020.08.10	10:14:43.451			85.93	100.00000000	56
2020.08.10	10:14:43.451			85.93	200.00000000	56
2020.08.10	10:14:43.451			85.94	100.00000000	56
2020.08.10	10:14:43.451			85.94	100.00000000	56
2020.08.10	10:14:43.451			85.95	100.00000000	56
2020.08.10	10:14:43.451			85.95	200.00000000	56
2020.08.10	10:14:43.451			85.95	200.00000000	56
2020.08.10	10:14:43.451		85.95			4
2020.08.10	10:14:43.453	85.88				2
2020.08.10	10:14:43.495			85.88	100.00000000	88
2020.08.10	10:14:43.495	85.87				2
2020.08.10	10:14:43.496		85.94			4
2020.08.10	10:14:43.600		85.93			4
2020.08.10	10:14:43.633			85.87	200.00000000	88
2020.08.10	10:14:43.634		85.92			4
2020.08.10	10:14:43.954			85.87	100.00000000	88
2020.08.10	10:14:44.564			85.87	200.00000000	88
2020.08.10	10:14:44.958			85.87	100.00000000	88
2020.08.10	10:14:46.601		85.90			4
2020.08.10	10:14:46.706			85.87	100.00000000	88
2020.08.10	10:14:46.846			85.90	2000.00000000	56
2020.08.10	10:14:46.846		85.91			4
2020.08.10	10:14:46.847		85.92			4
2020.08.10	10:14:46.961			85.87	200.00000000	88
2020.08.10	10:14:47.590			85.87	100.00000000	88
2020.08.10	10:14:47.590			85.87	100.00000000	88
2020.08.10	10:14:47.590			85.87	100.00000000	88
2020.08.10	10:14:49.155			85.92	100.00000000	56
2020.08.10	10:14:49.155		85.94			4
2020.08.10	10:14:49.156	85.88				2
2020.08.10	10:14:49.156		85.95			4
2020.08.10	10:14:49.158	85.89				2
2020.08.10	10:14:49.279		85.91			4
2020.08.10	10:14:49.455			85.91	200.00000000	56
2020.08.10	10:14:49.455			85.95	200.00000000	56
2020.08.10	10:14:49.455			85.95	100.00000000	56
2020.08.10	10:14:49.455			85.96	500.00000000	56
2020.08.10	10:14:49.455			85.96	100.00000000	56
2020.08.10	10:14:49.455			85.96	200.00000000	56
2020.08.10	10:14:49.455			85.97	100.00000000	56
2020.08.10	10:14:49.455			85.97	300.00000000	56
2020.08.10	10:14:49.455			85.97	100.00000000	56
2020.08.10	10:14:49.455			85.97	100.00000000	56
2020.08.10	10:14:49.455			85.97	200.00000000	56
2020.08.10	10:14:49.455			85.98	200.00000000	56
2020.08.10	10:14:49.455			85.98	200.00000000	56
2020.08.10	10:14:49.455			85.98	100.00000000	56
2020.08.10	10:14:49.455			85.98	300.00000000	56
2020.08.10	10:14:49.455			85.98	100.00000000	56
2020.08.10	10:14:49.455			85.99	200.00000000	56
2020.08.10	10:14:49.455			85.99	100.00000000	56
2020.08.10	10:14:49.455			85.99	400.00000000	56
2020.08.10	10:14:49.455			85.99	100.00000000	56
2020.08.10	10:14:49.455			85.99	100.00000000	56
2020.08.10	10:14:49.455			86.00	100.00000000	56
2020.08.10	10:14:49.455			86.00	200.00000000	56
2020.08.10	10:14:49.455			86.00	700.00000000	56
2020.08.10	10:14:49.455			86.00	100.00000000	56
2020.08.10	10:14:49.455			86.00	300.00000000	56
2020.08.10	10:14:49.455			86.00	100.00000000	56
2020.08.10	10:14:49.455			86.00	400.00000000	56
2020.08.10	10:14:49.455			86.00	200.00000000	56
2020.08.10	10:14:49.455	86.00	86.01			6
2020.08.10	10:14:49.458			86.00	1000.00000000	88
2020.08.10	10:14:49.458		86.02			4
2020.08.10	10:14:49.458			86.00	1000.00000000	88
2020.08.10	10:14:49.459		86.03			4
2020.08.10	10:14:49.460		86.01			4
2020.08.10	10:14:49.462		86.03			4
2020.08.10	10:14:49.462		86.06			4
2020.08.10	10:14:49.463		86.03			4
2020.08.10	10:14:49.464		86.08			4
2020.08.10	10:14:49.465		86.06			4
2020.08.10	10:14:49.467		86.08			4
2020.08.10	10:14:49.469			86.00	500.00000000	88
2020.08.10	10:14:49.470		86.07			4
2020.08.10	10:14:49.517		86.08			4
2020.08.10	10:14:49.596		86.09			4
2020.08.10	10:14:49.597	86.01				2
2020.08.10	10:14:49.599		86.11			4
2020.08.10	10:14:49.600	86.02				2
2020.08.10	10:14:49.976			86.02	200.00000000	88
2020.08.10	10:14:49.976	86.01				2
2020.08.10	10:14:49.977		86.10			4
2020.08.10	10:14:49.979	86.00				2
2020.08.10	10:14:49.979		86.09			4
2020.08.10	10:14:50.278			86.00	500.00000000	88
2020.08.10	10:14:50.278			86.00	300.00000000	88
2020.08.10	10:14:50.278			86.00	100.00000000	88
2020.08.10	10:14:50.278			86.00	300.00000000	88
2020.08.10	10:14:50.279		86.08			4
2020.08.10	10:14:50.281			86.00	100.00000000	88
2020.08.10	10:14:50.281			86.00	600.00000000	88
2020.08.10	10:14:50.281			86.00	100.00000000	88
2020.08.10	10:14:50.282		86.07			4
2020.08.10	10:14:50.289			86.00	100.00000000	88
2020.08.10	10:14:50.289			86.00	800.00000000	88
2020.08.10	10:14:50.289			86.00	100.00000000	88
2020.08.10	10:14:50.290		86.06			4
2020.08.10	10:14:50.480			86.00	600.00000000	88
2020.08.10	10:14:50.494			86.00	300.00000000	88
2020.08.10	10:14:50.494			86.00	100.00000000	88
2020.08.10	10:14:50.495		86.05			4
2020.08.10	10:14:50.734			86.00	900.00000000	88
2020.08.10	10:14:50.734			86.00	400.00000000	88
2020.08.10	10:14:50.735		86.04			4
2020.08.10	10:14:50.802		86.05			4
2020.08.10	10:14:50.983			86.00	200.00000000	88
2020.08.10	10:14:51.220			86.00	300.00000000	88
2020.08.10	10:14:51.222			86.00	100.00000000	88
2020.08.10	10:14:51.222			86.00	200.00000000	88
2020.08.10	10:14:51.222			86.00	100.00000000	88
2020.08.10	10:14:51.391			86.00	200.00000000	88
2020.08.10	10:14:51.393			86.00	100.00000000	88
2020.08.10	10:14:51.393			86.00	600.00000000	88
2020.08.10	10:14:51.393			86.00	100.00000000	88
2020.08.10	10:14:51.394		86.04			4
2020.08.10	10:14:51.418		86.03			4
2020.08.10	10:14:51.485			86.00	100.00000000	88
2020.08.10	10:14:51.510			86.00	500.00000000	88
2020.08.10	10:14:51.989			86.00	100.00000000	88
2020.08.10	10:14:52.121			86.00	100.00000000	88
2020.08.10	10:14:52.122			86.00	100.00000000	88
2020.08.10	10:14:52.122			86.00	100.00000000	88
2020.08.10	10:14:52.122			86.00	100.00000000	88
2020.08.10	10:14:52.124			86.00	100.00000000	88
2020.08.10	10:14:52.124			86.00	800.00000000	88
2020.08.10	10:14:52.124			86.00	100.00000000	88
2020.08.10	10:14:52.173		86.04			4
2020.08.10	10:14:52.386		86.05			4
2020.08.10	10:14:52.492			86.00	200.00000000	88
2020.08.10	10:14:52.520			86.00	500.00000000	88
2020.08.10	10:14:53.280		86.04			4
2020.08.10	10:14:53.537			86.00	100.00000000	88
2020.08.10	10:14:55.749			86.04	100.00000000	56
2020.08.10	10:14:57.024			86.00	100.00000000	88
2020.08.10	10:14:57.024			86.00	100.00000000	88
2020.08.10	10:14:57.257		86.05			4
2020.08.10	10:14:57.270	86.04				2
2020.08.10	10:14:57.271			86.04	100.00000000	88
2020.08.10	10:14:57.271		86.06			4
2020.08.10	10:14:57.272			86.04	100.00000000	88
2020.08.10	10:14:57.272	86.01				2
2020.08.10	10:14:57.273	86.00				2
2020.08.10	10:14:57.273	86.01				2
2020.08.10	10:14:57.352			86.01	100.00000000	88
2020.08.10	10:14:57.353	86.00				2
2020.08.10	10:14:57.571		86.07			4
2020.08.10	10:14:57.653		86.08			4
2020.08.10	10:14:57.699			86.00	100.00000000	88
2020.08.10	10:14:58.156			86.00	300.00000000	88
2020.08.10	10:14:58.596			86.00	300.00000000	88
2020.08.10	10:14:58.856			86.00	100.00000000	88
2020.08.10	10:14:59.412			86.00	200.00000000	88
2020.08.10	10:14:59.412			86.00	300.00000000	88
2020.08.10	10:14:59.586			86.00	200.00000000	88
2020.08.10	10:14:59.749	86.01				2
2020.08.10	10:15:00.029	86.01				2
2020.08.10	10:15:00.381			86.01	500.00000000	88
2020.08.10	10:15:01.427			86.01	100.00000000	88
2020.08.10	10:15:01.427			86.01	200.00000000	88
2020.08.10	10:15:01.427			86.01	100.00000000	88
2020.08.10	10:15:01.427			86.01	100.00000000	88
2020.08.10	10:15:01.428		86.07			4
2020.08.10	10:15:01.543			86.07	100.00000000	56
2020.08.10	10:15:01.543			86.07	200.00000000	56
2020.08.10	10:15:01.543			86.08	100.00000000	56
2020.08.10	10:15:01.543			86.08	700.00000000	56
2020.08.10	10:15:01.543			86.08	100.00000000	56
2020.08.10	10:15:01.543			86.08	100.00000000	56
2020.08.10	10:15:01.543			86.08	400.00000000	56
2020.08.10	10:15:01.543	86.08	86.09			6
2020.08.10	10:15:01.544		86.10			4
2020.08.10	10:15:01.544		86.11			4
2020.08.10	10:15:01.545			86.08	100.00000000	88
2020.08.10	10:15:01.545			86.08	400.00000000	88
2020.08.10	10:15:01.545			86.08	100.00000000	88
2020.08.10	10:15:01.545	86.01				2
2020.08.10	10:15:01.545	86.05				2
2020.08.10	10:15:01.546		86.12			4
2020.08.10	10:15:01.548		86.10			4
2020.08.10	10:15:01.598			86.05	200.00000000	88
2020.08.10	10:15:01.598	86.02				2
2020.08.10	10:15:01.599		86.09			4
2020.08.10	10:15:01.772		86.08			4
2020.08.10	10:15:01.829		86.09			4
2020.08.10	10:15:02.059		86.08			4
2020.08.10	10:15:02.355		86.09			4
2020.08.10	10:15:02.613			86.02	200.00000000	88
2020.08.10	10:15:02.613	86.01				2
2020.08.10	10:15:02.614		86.08			4
2020.08.10	10:15:02.749			86.01	200.00000000	88
2020.08.10	10:15:02.749			86.00	1000.00000000	88
2020.08.10	10:15:02.749			86.00	800.00000000	88
2020.08.10	10:15:02.749	86.00				2
2020.08.10	10:15:02.751		86.07			4
2020.08.10	10:15:02.764	86.02				2
2020.08.10	10:15:02.767		86.08			4
2020.08.10	10:15:02.841		86.09			4
2020.08.10	10:15:02.939		86.07			4
2020.08.10	10:15:02.955			86.02	100.00000000	88
2020.08.10	10:15:03.841			86.02	300.00000000	88
2020.08.10	10:15:04.050			86.02	400.00000000	88
2020.08.10	10:15:04.050			86.00	100.00000000	88
2020.08.10	10:15:04.050	86.00				2
2020.08.10	10:15:04.051		86.06			4
2020.08.10	10:15:04.858			86.00	100.00000000	88
2020.08.10	10:15:04.867		86.07			4
2020.08.10	10:15:06.583		86.06			4
2020.08.10	10:15:06.592			86.00	200.00000000	88
2020.08.10	10:15:06.592			86.00	100.00000000	88
2020.08.10	10:15:06.873			86.00	100.00000000	88
2020.08.10	10:15:07.355			86.06	100.00000000	56
2020.08.10	10:15:07.355			86.06	100.00000000	56
2020.08.10	10:15:07.355			86.06	200.00000000	56
2020.08.10	10:15:07.356			86.06	100.00000000	56
2020.08.10	10:15:07.356			86.06	100.00000000	56
2020.08.10	10:15:07.356		86.07			4
2020.08.10	10:15:07.357	86.01				2
2020.08.10	10:15:07.798	86.02				2
2020.08.10	10:15:08.194			86.02	500.00000000	88
2020.08.10	10:15:08.308			86.07	100.00000000	56
2020.08.10	10:15:08.308	86.07	86.09			6
2020.08.10	10:15:08.309		86.10			4
2020.08.10	10:15:08.312			86.10	100.00000000	56
2020.08.10	10:15:08.312		86.12			4
2020.08.10	10:15:08.312	86.08				2
2020.08.10	10:15:08.328	86.07				2
2020.08.10	10:15:08.374		86.10			4
2020.08.10	10:15:08.418			86.10	100.00000000	56
2020.08.10	10:15:08.418		86.12			4
2020.08.10	10:15:08.419	86.08				2
2020.08.10	10:15:08.887			86.08	100.00000000	88
2020.08.10	10:15:08.887	86.07				2
2020.08.10	10:15:09.313		86.14			4
2020.08.10	10:15:09.397		86.08			4
2020.08.10	10:15:09.398			86.08	100.00000000	120
2020.08.10	10:15:09.398		86.14			4
2020.08.10	10:15:09.398		86.11			4
2020.08.10	10:15:09.399	86.08				2
2020.08.10	10:15:09.400		86.12			4
2020.08.10	10:15:09.400		86.14			4
2020.08.10	10:15:09.499	86.07				2
2020.08.10	10:15:09.816		86.15			4
2020.08.10	10:15:10.797	86.08				2
2020.08.10	10:15:10.804		86.10			4
2020.08.10	10:15:10.805	86.07				2
2020.08.10	10:15:14.486			86.10	100.00000000	56
2020.08.10	10:15:14.486			86.10	100.00000000	56
2020.08.10	10:15:14.486			86.10	100.00000000	56
2020.08.10	10:15:14.487			86.10	300.00000000	56
2020.08.10	10:15:14.487		86.13			4
2020.08.10	10:15:14.487	86.08				2
2020.08.10	10:15:14.488		86.14			4
2020.08.10	10:15:14.489		86.15			4
2020.08.10	10:15:14.820	86.09				2
2020.08.10	10:15:14.821	86.10				2
2020.08.10	10:15:14.822	86.11				2
2020.08.10	10:15:14.823			86.15	100.00000000	56
2020.08.10	10:15:14.823			86.16	100.00000000	56
2020.08.10	10:15:14.823			86.16	100.00000000	56
2020.08.10	10:15:14.823		86.18			4
2020.08.10	10:15:14.824	86.12				2
2020.08.10	10:15:14.825		86.19			4
2020.08.10	10:15:14.825		86.20			4
2020.08.10	10:15:14.826		86.19			4
2020.08.10	10:15:14.826	86.13				2
2020.08.10	10:15:14.827	86.14				2
2020.08.10	10:15:14.828		86.20			4
2020.08.10	10:15:14.829	86.12				2
2020.08.10	10:15:14.992	86.13				2
2020.08.10	10:15:15.412	86.14				2
2020.08.10	10:15:15.415	86.15				2
2020.08.10	10:15:15.462			86.15	200.00000000	88
2020.08.10	10:15:15.492			86.15	100.00000000	88
2020.08.10	10:15:15.493	86.13				2
2020.08.10	10:15:15.508		86.16			4
2020.08.10	10:15:15.914	86.10				2
2020.08.10	10:15:15.915	86.11				2
2020.08.10	10:15:16.070			86.11	300.00000000	88
2020.08.10	10:15:16.363	86.10				2
2020.08.10	10:15:16.496			86.10	100.00000000	88
2020.08.10	10:15:16.591			86.10	100.00000000	88
2020.08.10	10:15:16.592			86.10	100.00000000	88
2020.08.10	10:15:17.096	86.09				2
2020.08.10	10:15:17.361			86.09	100.00000000	88
2020.08.10	10:15:17.361	86.08				2
2020.08.10	10:15:17.362		86.15			4
2020.08.10	10:15:17.364	86.07				2
2020.08.10	10:15:19.489		86.08			4
2020.08.10	10:15:19.716			86.08	100.00000000	56
2020.08.10	10:15:19.716		86.11			4
2020.08.10	10:15:19.717		86.13			4
2020.08.10	10:15:19.717		86.14			4
2020.08.10	10:15:19.717		86.11			4
2020.08.10	10:15:19.718		86.14			4
2020.08.10	10:15:19.719		86.15			4
2020.08.10	10:15:19.719		86.14			4
2020.08.10	10:15:20.619			86.07	200.00000000	88
2020.08.10	10:15:20.740			86.07	100.00000000	88
2020.08.10	10:15:21.598			86.07	100.00000000	88
2020.08.10	10:15:23.305			86.07	500.00000000	88
2020.08.10	10:15:23.306		86.13			4
2020.08.10	10:15:23.637			86.07	100.00000000	88
2020.08.10	10:15:24.008			86.07	3000.00000000	88
2020.08.10	10:15:24.009		86.12			4
2020.08.10	10:15:24.140			86.07	300.00000000	88
2020.08.10	10:15:24.321		86.11			4
2020.08.10	10:15:24.330			86.07	100.00000000	88
2020.08.10	10:15:24.516			86.07	300.00000000	88
2020.08.10	10:15:24.538		86.10			4
2020.08.10	10:15:24.643			86.07	100.00000000	88
2020.08.10	10:15:25.332			86.07	100.00000000	88
2020.08.10	10:15:25.332			86.07	100.00000000	88
2020.08.10	10:15:25.332			86.07	100.00000000	88
2020.08.10	10:15:25.332			86.07	100.00000000	88
2020.08.10	10:15:25.332	86.06				2
2020.08.10	10:15:25.333		86.09			4
2020.08.10	10:15:25.487			86.09	500.00000000	56
2020.08.10	10:15:25.487			86.09	100.00000000	56
2020.08.10	10:15:25.487			86.09	200.00000000	56
2020.08.10	10:15:25.487			86.10	200.00000000	56
2020.08.10	10:15:25.487			86.10	100.00000000	56
2020.08.10	10:15:25.487			86.11	600.00000000	56
2020.08.10	10:15:25.487			86.11	200.00000000	56
2020.08.10	10:15:25.487			86.11	100.00000000	56
2020.08.10	10:15:25.487			86.12	200.00000000	56
2020.08.10	10:15:25.487			86.12	100.00000000	56
2020.08.10	10:15:25.487			86.12	100.00000000	56
2020.08.10	10:15:25.487			86.12	100.00000000	56
2020.08.10	10:15:25.487			86.13	200.00000000	56
2020.08.10	10:15:25.487			86.13	100.00000000	56
2020.08.10	10:15:25.487			86.13	300.00000000	56
2020.08.10	10:15:25.487			86.13	100.00000000	56
2020.08.10	10:15:25.487			86.13	100.00000000	56
2020.08.10	10:15:25.487			86.14	200.00000000	56
2020.08.10	10:15:25.487			86.14	100.00000000	56
2020.08.10	10:15:25.487			86.14	100.00000000	56
2020.08.10	10:15:25.487			86.15	100.00000000	56
2020.08.10	10:15:25.487			86.15	200.00000000	56
2020.08.10	10:15:25.487			86.15	100.00000000	56
2020.08.10	10:15:25.487			86.15	300.00000000	56
2020.08.10	10:15:25.487			86.15	100.00000000	56
2020.08.10	10:15:25.487			86.15	200.00000000	56
2020.08.10	10:15:25.487			86.16	200.00000000	56
2020.08.10	10:15:25.487			86.16	300.00000000	56
2020.08.10	10:15:25.487			86.16	100.00000000	56
2020.08.10	10:15:25.487			86.16	100.00000000	56
2020.08.10	10:15:25.487			86.16	100.00000000	56
2020.08.10	10:15:25.487			86.16	100.00000000	56
2020.08.10	10:15:25.487			86.16	500.00000000	56
2020.08.10	10:15:25.487			86.16	200.00000000	56
2020.08.10	10:15:25.488			86.17	100.00000000	56
2020.08.10	10:15:25.488			86.17	400.00000000	56
2020.08.10	10:15:25.488			86.17	100.00000000	56
2020.08.10	10:15:25.488			86.17	200.00000000	56
2020.08.10	10:15:25.488			86.18	100.00000000	56
2020.08.10	10:15:25.488			86.18	500.00000000	56
2020.08.10	10:15:25.488			86.18	500.00000000	56
2020.08.10	10:15:25.488			86.18	100.00000000	56
2020.08.10	10:15:25.488			86.18	200.00000000	56
2020.08.10	10:15:25.488			86.18	100.00000000	56
2020.08.10	10:15:25.488			86.19	100.00000000	56
2020.08.10	10:15:25.488			86.19	100.00000000	56
2020.08.10	10:15:25.488			86.19	400.00000000	56
2020.08.10	10:15:25.488			86.19	200.00000000	56
2020.08.10	10:15:25.488			86.19	100.00000000	56
2020.08.10	10:15:25.488			86.20	500.00000000	56
2020.08.10	10:15:25.488			86.20	100.00000000	56
2020.08.10	10:15:25.488			86.20	200.00000000	56
2020.08.10	10:15:25.488		86.20			4
2020.08.10	10:15:25.489		86.16			4
2020.08.10	10:15:25.490	86.07				2
2020.08.10	10:15:25.491		86.15			4
2020.08.10	10:15:25.501			86.15	500.00000000	56
2020.08.10	10:15:25.501			86.16	100.00000000	56
2020.08.10	10:15:25.501			86.16	100.00000000	56
2020.08.10	10:15:25.501			86.19	100.00000000	56
2020.08.10	10:15:25.501	86.19	86.20			6
2020.08.10	10:15:25.503			86.19	400.00000000	88
2020.08.10	10:15:25.503	86.08				2
2020.08.10	10:15:25.503	86.16				2
2020.08.10	10:15:25.504			86.16	100.00000000	88
2020.08.10	10:15:25.504		86.19			4
2020.08.10	10:15:25.504	86.15				2
2020.08.10	10:15:25.505	86.14				2
2020.08.10	10:15:25.505	86.13				2
2020.08.10	10:15:25.505		86.18			4
2020.08.10	10:15:25.505	86.12				2
2020.08.10	10:15:25.506	86.11				2
2020.08.10	10:15:25.506	86.10				2
2020.08.10	10:15:25.506	86.13				2
2020.08.10	10:15:25.506	86.10				2
2020.08.10	10:15:25.506	86.09				2
2020.08.10	10:15:25.507	86.08				2
2020.08.10	10:15:25.507	86.10				2
2020.08.10	10:15:25.507	86.08				2
2020.08.10	10:15:25.647			86.08	100.00000000	88
2020.08.10	10:15:25.647			86.08	200.00000000	88
2020.08.10	10:15:25.647	86.07				2
2020.08.10	10:15:25.648		86.17			4
2020.08.10	10:15:25.650		86.16			4
2020.08.10	10:15:25.735			86.16	500.00000000	56
2020.08.10	10:15:25.735	86.16	86.17			6
2020.08.10	10:15:25.736		86.18			4
2020.08.10	10:15:25.736			86.16	1500.00000000	88
2020.08.10	10:15:25.736	86.13				2
2020.08.10	10:15:25.737		86.17			4
2020.08.10	10:15:25.737			86.13	100.00000000	88
2020.08.10	10:15:25.737	86.12				2
2020.08.10	10:15:25.737	86.11				2
2020.08.10	10:15:25.738	86.10				2
2020.08.10	10:15:25.738		86.16			4
2020.08.10	10:15:25.738	86.09				2
2020.08.10	10:15:25.738	86.08				2
2020.08.10	10:15:25.739	86.07				2
2020.08.10	10:15:25.740		86.15			4
2020.08.10	10:15:25.785			86.07	400.00000000	88
2020.08.10	10:15:25.785			86.07	100.00000000	88
2020.08.10	10:15:25.785			86.07	200.00000000	88
2020.08.10	10:15:25.785	86.06				2
2020.08.10	10:15:25.786		86.14			4
2020.08.10	10:15:25.788		86.13			4
2020.08.10	10:15:26.075			86.06	1000.00000000	88
2020.08.10	10:15:26.075			86.06	600.00000000	88
2020.08.10	10:15:26.151			86.06	100.00000000	88
2020.08.10	10:15:26.151	86.03				2
2020.08.10	10:15:26.152	86.02				2
2020.08.10	10:15:26.152		86.12			4
2020.08.10	10:15:26.154		86.11			4
2020.08.10	10:15:26.202		86.10			4
2020.08.10	10:15:26.362		86.06			4
2020.08.10	10:15:26.655			86.02	600.00000000	88
2020.08.10	10:15:26.655	86.01				2
2020.08.10	10:15:26.872	86.00				2
2020.08.10	10:15:27.159			86.00	800.00000000	88
2020.08.10	10:15:27.162			86.00	200.00000000	88
2020.08.10	10:15:27.166			86.00	700.00000000	88
2020.08.10	10:15:27.167		86.05			4
2020.08.10	10:15:27.535		86.06			4
2020.08.10	10:15:27.663			86.00	100.00000000	88
2020.08.10	10:15:27.686			86.00	100.00000000	88
2020.08.10	10:15:27.686			86.00	100.00000000	88
2020.08.10	10:15:27.686			86.00	300.00000000	88
2020.08.10	10:15:27.697			86.00	200.00000000	88
2020.08.10	10:15:27.697			86.00	300.00000000	88
2020.08.10	10:15:27.698		86.05			4
2020.08.10	10:15:27.708			86.00	200.00000000	88
2020.08.10	10:15:27.986		86.06			4
2020.08.10	10:15:27.991			86.06	300.00000000	56
2020.08.10	10:15:28.165			86.00	200.00000000	88
2020.08.10	10:15:29.179			86.00	300.00000000	88
2020.08.10	10:15:29.179			86.00	100.00000000	88
2020.08.10	10:15:29.179			86.00	100.00000000	88
2020.08.10	10:15:29.179			86.00	100.00000000	88
2020.08.10	10:15:29.179	85.99				2
2020.08.10	10:15:29.180		86.05			4
2020.08.10	10:15:29.220	86.01				2
2020.08.10	10:15:29.283		86.06			4
2020.08.10	10:15:29.674			86.01	100.00000000	88
2020.08.10	10:15:29.674			85.99	500.00000000	88
2020.08.10	10:15:29.674	85.99				2
2020.08.10	10:15:29.675		86.05			4
2020.08.10	10:15:29.683			85.99	100.00000000	88
2020.08.10	10:15:29.683	85.98				2
2020.08.10	10:15:29.684		86.04			4
2020.08.10	10:15:30.198		86.05			4
2020.08.10	10:15:30.319			85.98	100.00000000	88
2020.08.10	10:15:30.319	85.97				2
2020.08.10	10:15:30.320		86.04			4
2020.08.10	10:15:30.321	85.96				2
2020.08.10	10:15:30.322	85.95				2
2020.08.10	10:15:30.323		86.03			4
2020.08.10	10:15:30.324	85.94				2
2020.08.10	10:15:30.325		86.02			4
2020.08.10	10:15:30.326	85.93				2
2020.08.10	10:15:30.328	85.92				2
2020.08.10	10:15:30.330		86.01			4
2020.08.10	10:15:30.330	85.90				2
2020.08.10	10:15:30.332		86.00			4
2020.08.10	10:15:30.466			85.90	100.00000000	88
2020.08.10	10:15:30.468		85.99			4
2020.08.10	10:15:30.473			85.90	100.00000000	88
2020.08.10	10:15:30.596			85.90	100.00000000	88
2020.08.10	10:15:30.598			85.90	100.00000000	88
2020.08.10	10:15:30.599		85.98			4
2020.08.10	10:15:30.686			85.90	100.00000000	88
2020.08.10	10:15:30.688		85.99			4
2020.08.10	10:15:30.689		86.02			4
2020.08.10	10:15:30.689	85.91				2
2020.08.10	10:15:30.689		86.03			4
2020.08.10	10:15:30.689		86.01			4
2020.08.10	10:15:30.698	85.92				2
2020.08.10	10:15:30.699		86.03			4
2020.08.10	10:15:30.709		86.02			4
2020.08.10	10:15:31.066	85.95				2
2020.08.10	10:15:31.101		86.03			4
2020.08.10	10:15:31.103		86.04			4
2020.08.10	10:15:31.314		86.03			4
2020.08.10	10:15:32.809			85.95	100.00000000	88
2020.08.10	10:15:32.809	85.94				2
2020.08.10	10:15:32.809	85.93				2
2020.08.10	10:15:32.810		86.02			4
2020.08.10	10:15:33.096	85.92				2
2020.08.10	10:15:33.096	85.91				2
2020.08.10	10:15:33.098		86.01			4
