<DATE>	<TIME>	<BID>	<ASK>	<LAST>	<VOLUME>	<FLAGS>
2020.08.14	06:00:00.285	80.42	81.10			6
2020.08.14	06:21:07.640	80.42	81.10			6
2020.08.14	09:37:13.130	80.42	81.10			6
2020.08.14	09:45:00.041	80.42	81.10			6
2020.08.14	09:45:00.749		70.00			4
2020.08.14	09:45:20.753	81.10				2
2020.08.14	09:45:39.329	85.00				2
2020.08.14	09:45:39.331	90.00				2
2020.08.14	09:45:47.365		50.00			4
2020.08.14	09:46:04.470	90.00				2
2020.08.14	09:46:53.788		50.00			4
2020.08.14	09:47:11.877	90.00				2
2020.08.14	09:48:01.303	90.00	50.00			6
2020.08.14	09:49:12.533	90.00	50.00			6
2020.08.14	09:49:35.732	92.52				2
2020.08.14	10:11:06.912			80.61	300.00000000	56
2020.08.14	10:11:06.912			80.61	100.00000000	56
2020.08.14	10:11:06.912			80.61	200.00000000	56
2020.08.14	10:11:06.912			80.61	200.00000000	56
2020.08.14	10:11:06.912			80.61	500.00000000	56
2020.08.14	10:11:06.912			80.61	100.00000000	56
2020.08.14	10:11:06.912			80.61	100.00000000	56
2020.08.14	10:11:06.912			80.61	400.00000000	56
2020.08.14	10:11:06.912			80.61	100.00000000	56
2020.08.14	10:11:06.912			80.61	100.00000000	56
2020.08.14	10:11:06.912			80.61	2800.00000000	56
2020.08.14	10:11:06.912			80.61	100.00000000	56
2020.08.14	10:11:06.912			80.61	1600.00000000	56
2020.08.14	10:11:06.912			80.61	4000.00000000	56
2020.08.14	10:11:06.912			80.61	800.00000000	56
2020.08.14	10:11:06.912			80.61	500.00000000	56
2020.08.14	10:11:06.912			80.61	200.00000000	56
2020.08.14	10:11:06.912			80.61	100.00000000	56
2020.08.14	10:11:06.912			80.61	100.00000000	56
2020.08.14	10:11:06.912			80.61	100.00000000	56
2020.08.14	10:11:06.912			80.61	100.00000000	56
2020.08.14	10:11:06.912			80.61	100.00000000	56
2020.08.14	10:11:06.912			80.61	400.00000000	56
2020.08.14	10:11:06.912			80.61	200.00000000	56
2020.08.14	10:11:06.912			80.61	400.00000000	56
2020.08.14	10:11:06.912			80.61	200.00000000	56
2020.08.14	10:11:06.912			80.61	200.00000000	56
2020.08.14	10:11:06.912			80.61	200.00000000	56
2020.08.14	10:11:06.912			80.61	200.00000000	56
2020.08.14	10:11:06.912			80.61	200.00000000	56
2020.08.14	10:11:06.912			80.61	200.00000000	56
2020.08.14	10:11:06.912			80.61	100.00000000	56
2020.08.14	10:11:06.912			80.61	100.00000000	56
2020.08.14	10:11:06.912			80.61	100.00000000	56
2020.08.14	10:11:06.912			80.61	100.00000000	56
2020.08.14	10:11:06.912			80.61	400.00000000	56
2020.08.14	10:11:06.912			80.61	400.00000000	56
2020.08.14	10:11:06.912			80.61	400.00000000	56
2020.08.14	10:11:06.912			80.61	400.00000000	56
2020.08.14	10:11:06.912			80.61	200.00000000	56
2020.08.14	10:11:06.912			80.61	100.00000000	56
2020.08.14	10:11:06.912			80.61	100.00000000	56
2020.08.14	10:11:06.912			80.61	400.00000000	56
2020.08.14	10:11:06.912			80.61	500.00000000	56
2020.08.14	10:11:06.912			80.61	100.00000000	56
2020.08.14	10:11:06.912			80.61	200.00000000	56
2020.08.14	10:11:06.912			80.61	100.00000000	56
2020.08.14	10:11:06.912			80.61	100.00000000	56
2020.08.14	10:11:06.912			80.61	200.00000000	56
2020.08.14	10:11:06.912			80.61	100.00000000	56
2020.08.14	10:11:06.912			80.61	300.00000000	56
2020.08.14	10:11:06.912			80.61	800.00000000	56
2020.08.14	10:11:06.912			80.61	200.00000000	56
2020.08.14	10:11:06.912			80.61	200.00000000	56
2020.08.14	10:11:06.912			80.61	600.00000000	56
2020.08.14	10:11:06.912			80.61	200.00000000	56
2020.08.14	10:11:06.912			80.61	200.00000000	56
2020.08.14	10:11:06.912			80.61	200.00000000	56
2020.08.14	10:11:06.912			80.61	100.00000000	56
2020.08.14	10:11:06.912			80.61	100.00000000	56
2020.08.14	10:11:06.912			80.61	100.00000000	56
2020.08.14	10:11:06.912			80.61	100.00000000	56
2020.08.14	10:11:06.912			80.61	300.00000000	56
2020.08.14	10:11:06.912			80.61	100.00000000	56
2020.08.14	10:11:06.912			80.61	200.00000000	56
2020.08.14	10:11:06.912			80.61	100.00000000	56
2020.08.14	10:11:06.912			80.61	400.00000000	56
2020.08.14	10:11:06.912			80.61	100.00000000	56
2020.08.14	10:11:06.912			80.61	300.00000000	56
2020.08.14	10:11:06.912			80.61	300.00000000	56
2020.08.14	10:11:06.912			80.61	300.00000000	56
2020.08.14	10:11:06.912			80.61	100.00000000	56
2020.08.14	10:11:06.912			80.61	300.00000000	56
2020.08.14	10:11:06.912			80.61	400.00000000	56
2020.08.14	10:11:06.912			80.61	200.00000000	56
2020.08.14	10:11:06.912			80.61	400.00000000	56
2020.08.14	10:11:06.912			80.61	100.00000000	56
2020.08.14	10:11:06.912			80.61	300.00000000	56
2020.08.14	10:11:06.912			80.61	300.00000000	56
2020.08.14	10:11:06.912			80.61	400.00000000	56
2020.08.14	10:11:06.912			80.61	400.00000000	56
2020.08.14	10:11:06.912			80.61	300.00000000	56
2020.08.14	10:11:06.912			80.61	200.00000000	56
2020.08.14	10:11:06.912			80.61	200.00000000	56
2020.08.14	10:11:06.912			80.61	500.00000000	56
2020.08.14	10:11:06.912			80.61	400.00000000	56
2020.08.14	10:11:06.912			80.61	100.00000000	56
2020.08.14	10:11:06.912			80.61	100.00000000	56
2020.08.14	10:11:06.912			80.61	200.00000000	56
2020.08.14	10:11:06.912			80.61	100.00000000	56
2020.08.14	10:11:06.912			80.61	2000.00000000	56
2020.08.14	10:11:06.912			80.61	500.00000000	56
2020.08.14	10:11:06.912			80.61	300.00000000	56
2020.08.14	10:11:06.912			80.61	200.00000000	56
2020.08.14	10:11:06.912			80.61	100.00000000	56
2020.08.14	10:11:06.912			80.61	100.00000000	56
2020.08.14	10:11:06.912			80.61	200.00000000	56
2020.08.14	10:11:06.912			80.61	100.00000000	56
2020.08.14	10:11:06.912			80.61	200.00000000	56
2020.08.14	10:11:06.912			80.61	500.00000000	56
2020.08.14	10:11:06.912			80.61	100.00000000	56
2020.08.14	10:11:06.912			80.61	100.00000000	56
2020.08.14	10:11:06.912			80.61	200.00000000	56
2020.08.14	10:11:06.912			80.61	100.00000000	56
2020.08.14	10:11:06.912			80.61	200.00000000	56
2020.08.14	10:11:06.912			80.61	100.00000000	56
2020.08.14	10:11:06.912			80.61	100.00000000	56
2020.08.14	10:11:06.912			80.61	600.00000000	56
2020.08.14	10:11:06.912			80.61	100.00000000	56
2020.08.14	10:11:06.912			80.61	200.00000000	56
2020.08.14	10:11:06.912			80.61	3000.00000000	56
2020.08.14	10:11:06.912			80.61	100.00000000	56
2020.08.14	10:11:06.912			80.61	200.00000000	56
2020.08.14	10:11:06.912			80.61	100.00000000	56
2020.08.14	10:11:06.912			80.61	500.00000000	56
2020.08.14	10:11:06.912			80.61	100.00000000	56
2020.08.14	10:11:06.912			80.61	300.00000000	56
2020.08.14	10:11:06.912			80.61	1200.00000000	56
2020.08.14	10:11:06.912			80.61	100.00000000	56
2020.08.14	10:11:06.912			80.61	700.00000000	56
2020.08.14	10:11:06.912			80.61	100.00000000	56
2020.08.14	10:11:06.912			80.61	800.00000000	56
2020.08.14	10:11:06.912			80.61	600.00000000	56
2020.08.14	10:11:06.912			80.61	100.00000000	56
2020.08.14	10:11:06.912			80.61	800.00000000	56
2020.08.14	10:11:06.912			80.61	600.00000000	56
2020.08.14	10:11:06.912			80.61	200.00000000	56
2020.08.14	10:11:06.912			80.61	200.00000000	56
2020.08.14	10:11:06.912			80.61	500.00000000	56
2020.08.14	10:11:06.912			80.61	500.00000000	56
2020.08.14	10:11:06.912			80.61	100.00000000	56
2020.08.14	10:11:06.912			80.61	100.00000000	56
2020.08.14	10:11:06.912			80.61	100.00000000	56
2020.08.14	10:11:06.912			80.61	300.00000000	56
2020.08.14	10:11:06.912			80.61	400.00000000	56
2020.08.14	10:11:06.912			80.61	100.00000000	56
2020.08.14	10:11:06.912			80.61	400.00000000	56
2020.08.14	10:11:06.912			80.61	500.00000000	56
2020.08.14	10:11:06.912			80.61	1500.00000000	56
2020.08.14	10:11:06.912			80.61	500.00000000	56
2020.08.14	10:11:06.912			80.61	1500.00000000	56
2020.08.14	10:11:06.912			80.61	100.00000000	56
2020.08.14	10:11:06.912	80.61	80.77			6
2020.08.14	10:11:06.923	80.62				2
2020.08.14	10:11:07.354			80.62	100.00000000	88
2020.08.14	10:11:07.354			80.62	400.00000000	88
2020.08.14	10:11:07.356			80.77	100.00000000	56
2020.08.14	10:11:07.423	80.70				2
2020.08.14	10:11:07.424	80.71				2
2020.08.14	10:11:07.425			80.77	100.00000000	56
2020.08.14	10:11:07.425			80.77	200.00000000	56
2020.08.14	10:11:07.425			80.79	100.00000000	56
2020.08.14	10:11:07.425		80.82			4
2020.08.14	10:11:07.480	80.72				2
2020.08.14	10:11:07.484	80.73				2
2020.08.14	10:11:07.923			80.82	100.00000000	56
2020.08.14	10:11:07.923			80.85	200.00000000	56
2020.08.14	10:11:07.923			80.86	400.00000000	56
2020.08.14	10:11:07.923			80.87	4300.00000000	56
2020.08.14	10:11:07.923		80.88			4
2020.08.14	10:11:07.924			80.88	100.00000000	56
2020.08.14	10:11:07.924			80.90	100.00000000	56
2020.08.14	10:11:07.924			80.91	100.00000000	56
2020.08.14	10:11:07.924			80.92	100.00000000	56
2020.08.14	10:11:07.924			80.92	100.00000000	56
2020.08.14	10:11:07.924			80.94	100.00000000	56
2020.08.14	10:11:07.924		80.96			4
2020.08.14	10:11:07.924		80.87			4
2020.08.14	10:11:07.924	80.74				2
2020.08.14	10:11:07.926			80.87	600.00000000	56
2020.08.14	10:11:07.926		80.88			4
2020.08.14	10:11:07.926		80.94			4
2020.08.14	10:11:07.927	80.75				2
2020.08.14	10:11:07.928	80.76				2
2020.08.14	10:11:07.941	80.77				2
2020.08.14	10:11:07.941		80.97			4
2020.08.14	10:11:07.942	80.78				2
2020.08.14	10:11:07.951	80.79				2
2020.08.14	10:11:07.952	80.80				2
2020.08.14	10:11:08.016	80.81				2
2020.08.14	10:11:08.016	80.82				2
2020.08.14	10:11:08.017			80.97	2000.00000000	56
2020.08.14	10:11:08.017			80.97	200.00000000	56
2020.08.14	10:11:08.017		80.98			4
2020.08.14	10:11:08.018			80.98	300.00000000	56
2020.08.14	10:11:08.018			81.00	500.00000000	56
2020.08.14	10:11:08.018			81.00	100.00000000	56
2020.08.14	10:11:08.018			81.00	500.00000000	56
2020.08.14	10:11:08.018			81.00	100.00000000	56
2020.08.14	10:11:08.018			81.00	100.00000000	56
2020.08.14	10:11:08.018			81.00	100.00000000	56
2020.08.14	10:11:08.018		81.06			4
2020.08.14	10:11:08.019		81.08			4
2020.08.14	10:11:08.019		81.10			4
2020.08.14	10:11:08.020	80.83				2
2020.08.14	10:11:08.020		81.06			4
2020.08.14	10:11:08.021		81.10			4
2020.08.14	10:11:08.022	80.84				2
2020.08.14	10:11:08.025	80.85				2
2020.08.14	10:11:08.026	80.86				2
2020.08.14	10:11:08.026		80.99			4
2020.08.14	10:11:08.027			80.99	300.00000000	120
2020.08.14	10:11:08.027		81.10			4
2020.08.14	10:11:08.051	80.87				2
2020.08.14	10:11:08.052	80.88				2
2020.08.14	10:11:08.073	80.89				2
2020.08.14	10:11:08.074	80.90				2
2020.08.14	10:11:08.119		81.09			4
2020.08.14	10:11:08.202	80.91				2
2020.08.14	10:11:08.203	80.92				2
2020.08.14	10:11:08.205		81.10			4
2020.08.14	10:11:08.304		81.09			4
2020.08.14	10:11:08.309	80.90				2
2020.08.14	10:11:08.962		81.01			4
2020.08.14	10:11:08.963	80.88				2
2020.08.14	10:11:08.964	80.86				2
2020.08.14	10:11:09.304			80.86	100.00000000	88
2020.08.14	10:11:09.305		81.00			4
2020.08.14	10:11:09.691		80.99			4
2020.08.14	10:11:09.692		81.00			4
2020.08.14	10:11:09.693		80.99			4
2020.08.14	10:11:09.903			80.86	100.00000000	88
2020.08.14	10:11:09.903			80.85	200.00000000	88
2020.08.14	10:11:09.903			80.85	100.00000000	88
2020.08.14	10:11:09.903			80.84	100.00000000	88
2020.08.14	10:11:09.903			80.83	100.00000000	88
2020.08.14	10:11:09.903			80.83	100.00000000	88
2020.08.14	10:11:09.903			80.82	100.00000000	88
2020.08.14	10:11:09.903			80.82	100.00000000	88
2020.08.14	10:11:09.903			80.80	100.00000000	88
2020.08.14	10:11:09.903			80.78	100.00000000	88
2020.08.14	10:11:09.903			80.77	400.00000000	88
2020.08.14	10:11:09.903	80.77				2
2020.08.14	10:11:09.905		80.98			4
2020.08.14	10:11:09.907		80.97			4
2020.08.14	10:11:10.030	80.78				2
2020.08.14	10:11:10.287		80.96			4
2020.08.14	10:11:10.288		80.97			4
2020.08.14	10:11:10.289		80.96			4
2020.08.14	10:11:10.389		80.95			4
2020.08.14	10:11:10.423		80.94			4
2020.08.14	10:11:10.424		80.93			4
2020.08.14	10:11:10.426		80.94			4
2020.08.14	10:11:10.426		80.92			4
2020.08.14	10:11:12.798			80.92	200.00000000	56
2020.08.14	10:11:12.964			80.78	100.00000000	88
2020.08.14	10:11:12.964			80.78	100.00000000	88
2020.08.14	10:11:12.964			80.78	100.00000000	88
2020.08.14	10:11:12.964			80.77	100.00000000	88
2020.08.14	10:11:12.964			80.77	200.00000000	88
2020.08.14	10:11:12.964			80.77	100.00000000	88
2020.08.14	10:11:12.964			80.76	100.00000000	88
2020.08.14	10:11:12.964			80.76	100.00000000	88
2020.08.14	10:11:12.964			80.75	100.00000000	88
2020.08.14	10:11:12.964	80.74	80.75			6
2020.08.14	10:11:12.966			80.74	100.00000000	88
2020.08.14	10:11:12.966	80.73				2
2020.08.14	10:11:12.966			80.75	700.00000000	56
2020.08.14	10:11:12.966		80.91			4
2020.08.14	10:11:12.966		80.89			4
2020.08.14	10:11:12.967		80.82			4
2020.08.14	10:11:12.967			80.73	100.00000000	88
2020.08.14	10:11:12.967	80.72				2
2020.08.14	10:11:12.967	80.74				2
2020.08.14	10:11:12.968		80.91			4
2020.08.14	10:11:12.968		80.90			4
2020.08.14	10:11:12.968		80.88			4
2020.08.14	10:11:12.969	80.72				2
2020.08.14	10:11:12.969	80.73				2
2020.08.14	10:11:13.111	80.78				2
2020.08.14	10:11:14.092			80.88	100.00000000	56
2020.08.14	10:11:14.117			80.88	400.00000000	56
2020.08.14	10:11:14.117			80.88	200.00000000	56
2020.08.14	10:11:14.117			80.89	100.00000000	56
2020.08.14	10:11:14.117			80.90	100.00000000	56
2020.08.14	10:11:14.117			80.91	100.00000000	56
2020.08.14	10:11:14.117			80.91	100.00000000	56
2020.08.14	10:11:14.117		80.92			4
2020.08.14	10:11:14.118		80.94			4
2020.08.14	10:11:14.118		80.91			4
2020.08.14	10:11:14.129		80.92			4
2020.08.14	10:11:14.243		80.91			4
2020.08.14	10:11:14.740			80.91	100.00000000	56
2020.08.14	10:11:14.740		80.92			4
2020.08.14	10:11:14.866		80.91			4
2020.08.14	10:11:16.047			80.91	100.00000000	56
2020.08.14	10:11:16.047		80.92			4
2020.08.14	10:11:16.048		80.93			4
2020.08.14	10:11:16.048	80.79				2
2020.08.14	10:11:16.050		80.94			4
2020.08.14	10:11:17.505		80.92			4
2020.08.14	10:11:17.506		80.91			4
2020.08.14	10:11:17.509			80.91	100.00000000	56
2020.08.14	10:11:17.509			80.92	100.00000000	56
2020.08.14	10:11:17.509		80.92			4
2020.08.14	10:11:17.510	80.80				2
2020.08.14	10:11:17.518		80.93			4
2020.08.14	10:11:18.394		80.92			4
2020.08.14	10:11:18.395		80.91			4
2020.08.14	10:11:18.516	80.79				2
2020.08.14	10:11:18.517		80.90			4
2020.08.14	10:11:19.018			80.90	200.00000000	56
2020.08.14	10:11:19.018	80.78				2
2020.08.14	10:11:20.982			80.90	300.00000000	56
2020.08.14	10:11:20.982			80.91	100.00000000	56
2020.08.14	10:11:20.982			80.92	100.00000000	56
2020.08.14	10:11:20.982			80.93	400.00000000	56
2020.08.14	10:11:20.982			80.93	100.00000000	56
2020.08.14	10:11:20.982	80.93	80.94			6
2020.08.14	10:11:20.982			80.94	100.00000000	56
2020.08.14	10:11:20.982			80.94	100.00000000	56
2020.08.14	10:11:20.982		80.95			4
2020.08.14	10:11:20.983			80.93	1000.00000000	88
2020.08.14	10:11:20.983	80.78				2
2020.08.14	10:11:20.984		80.98			4
2020.08.14	10:11:20.985	80.80				2
2020.08.14	10:11:20.985		80.97			4
2020.08.14	10:11:20.985		80.94			4
2020.08.14	10:11:20.986	80.78				2
2020.08.14	10:11:20.987	80.79				2
2020.08.14	10:11:21.053			80.79	100.00000000	88
2020.08.14	10:11:21.138	80.93				2
2020.08.14	10:11:21.139			80.93	200.00000000	88
2020.08.14	10:11:21.139	80.79				2
2020.08.14	10:11:21.139	80.78				2
2020.08.14	10:11:21.139	80.80				2
2020.08.14	10:11:21.140	80.78				2
2020.08.14	10:11:21.140		80.93			4
2020.08.14	10:11:21.141	80.79				2
2020.08.14	10:11:21.815	80.80				2
2020.08.14	10:11:21.818	80.81				2
2020.08.14	10:11:22.003			80.93	100.00000000	56
2020.08.14	10:11:23.009			80.93	100.00000000	56
2020.08.14	10:11:23.009	80.93	80.95			6
2020.08.14	10:11:23.010		80.96			4
2020.08.14	10:11:23.055			80.93	100.00000000	88
2020.08.14	10:11:23.057			80.93	100.00000000	88
2020.08.14	10:11:23.057	80.82				2
2020.08.14	10:11:23.062	80.88				2
2020.08.14	10:11:23.062		80.99			4
2020.08.14	10:11:23.065	80.85				2
2020.08.14	10:11:23.066	80.86				2
2020.08.14	10:11:23.379		80.91			4
2020.08.14	10:11:23.380	80.85				2
2020.08.14	10:11:23.380	80.83				2
2020.08.14	10:11:23.381	80.82				2
2020.08.14	10:11:23.839			80.91	200.00000000	56
2020.08.14	10:11:23.840	80.83				2
2020.08.14	10:11:24.095			80.91	100.00000000	56
2020.08.14	10:11:24.862	80.82				2
2020.08.14	10:11:24.904	80.83				2
2020.08.14	10:11:25.533			80.91	500.00000000	56
2020.08.14	10:11:25.533			80.97	100.00000000	56
2020.08.14	10:11:25.533			80.98	400.00000000	56
2020.08.14	10:11:25.533		80.98			4
2020.08.14	10:11:25.534	80.84				2
2020.08.14	10:11:25.535		80.99			4
2020.08.14	10:11:25.652			80.99	200.00000000	56
2020.08.14	10:11:26.550			80.99	100.00000000	56
2020.08.14	10:11:26.552		81.00			4
2020.08.14	10:11:27.458		80.99			4
2020.08.14	10:11:27.556			80.99	100.00000000	56
2020.08.14	10:11:27.622	80.90				2
2020.08.14	10:11:27.623			80.90	100.00000000	120
2020.08.14	10:11:27.623			80.90	100.00000000	88
2020.08.14	10:11:27.623	80.84				2
2020.08.14	10:11:27.623	80.85				2
2020.08.14	10:11:27.624		80.98			4
2020.08.14	10:11:27.624	80.84				2
2020.08.14	10:11:27.755		80.97			4
2020.08.14	10:11:27.757		80.96			4
2020.08.14	10:11:27.759		80.95			4
2020.08.14	10:11:27.761			80.84	100.00000000	88
2020.08.14	10:11:27.761	80.83				2
2020.08.14	10:11:28.002			80.83	100.00000000	88
2020.08.14	10:11:28.002	80.80				2
2020.08.14	10:11:28.030	80.90				2
2020.08.14	10:11:28.031			80.90	100.00000000	120
2020.08.14	10:11:28.032			80.90	200.00000000	88
2020.08.14	10:11:28.032	80.80				2
2020.08.14	10:11:28.034	80.79				2
2020.08.14	10:11:28.090			80.95	200.00000000	56
2020.08.14	10:11:28.091	80.80				2
2020.08.14	10:11:28.763			80.95	300.00000000	56
2020.08.14	10:11:28.763	80.95	80.96			6
2020.08.14	10:11:28.764			80.95	100.00000000	88
2020.08.14	10:11:28.764		80.97			4
2020.08.14	10:11:28.764			80.95	200.00000000	88
2020.08.14	10:11:28.764			80.95	400.00000000	88
2020.08.14	10:11:28.764	80.80				2
2020.08.14	10:11:28.764	80.81				2
2020.08.14	10:11:28.764		80.95			4
2020.08.14	10:11:28.764	80.83				2
2020.08.14	10:11:28.765	80.80				2
2020.08.14	10:11:28.766	80.81				2
2020.08.14	10:11:28.791			80.95	100.00000000	56
2020.08.14	10:11:28.975		80.91			4
2020.08.14	10:11:28.975	80.80				2
2020.08.14	10:11:29.301	80.81				2
2020.08.14	10:11:29.793			80.91	200.00000000	56
2020.08.14	10:11:30.603	80.87				2
2020.08.14	10:11:31.264			80.91	200.00000000	56
2020.08.14	10:11:31.972			80.91	400.00000000	56
2020.08.14	10:11:31.972		80.95			4
2020.08.14	10:11:31.973		80.96			4
2020.08.14	10:11:31.973	80.88				2
2020.08.14	10:11:32.283	80.91				2
2020.08.14	10:11:32.284			80.96	100.00000000	56
2020.08.14	10:11:32.284			80.97	100.00000000	56
2020.08.14	10:11:32.284		80.98			4
2020.08.14	10:11:32.284	80.92				2
2020.08.14	10:11:32.285		80.99			4
2020.08.14	10:11:32.285			80.99	100.00000000	56
2020.08.14	10:11:32.285			80.99	500.00000000	56
2020.08.14	10:11:32.285			80.99	200.00000000	56
2020.08.14	10:11:33.295			80.99	100.00000000	56
2020.08.14	10:11:33.295			80.99	100.00000000	56
2020.08.14	10:11:33.305			80.99	100.00000000	56
2020.08.14	10:11:33.318		80.93			4
2020.08.14	10:11:33.319			80.92	500.00000000	88
2020.08.14	10:11:33.319			80.92	100.00000000	88
2020.08.14	10:11:33.319			80.92	100.00000000	88
2020.08.14	10:11:33.319			80.93	200.00000000	56
2020.08.14	10:11:33.319	80.89				2
2020.08.14	10:11:33.319		80.99			4
2020.08.14	10:11:33.320		80.98			4
2020.08.14	10:11:33.321	80.87				2
2020.08.14	10:11:33.321	80.90				2
2020.08.14	10:11:33.322		80.99			4
2020.08.14	10:11:33.451	80.92				2
2020.08.14	10:11:33.794	80.93				2
2020.08.14	10:11:33.831			80.99	500.00000000	56
2020.08.14	10:11:33.832			80.99	400.00000000	56
2020.08.14	10:11:33.832		81.00			4
2020.08.14	10:11:34.332	80.99				2
2020.08.14	10:11:34.333			80.99	100.00000000	120
2020.08.14	10:11:34.333	80.94				2
2020.08.14	10:11:34.334		80.99			4
2020.08.14	10:11:34.334			80.99	300.00000000	56
2020.08.14	10:11:34.334			81.00	500.00000000	56
2020.08.14	10:11:34.334			81.00	100.00000000	56
2020.08.14	10:11:34.334		81.00			4
2020.08.14	10:11:34.334			81.00	100.00000000	56
2020.08.14	10:11:34.335			81.00	200.00000000	56
2020.08.14	10:11:34.335		81.01			4
2020.08.14	10:11:34.335	80.95				2
2020.08.14	10:11:34.442			81.01	200.00000000	56
2020.08.14	10:11:34.442		81.04			4
2020.08.14	10:11:34.447		81.05			4
2020.08.14	10:11:34.448		81.07			4
2020.08.14	10:11:34.807			81.07	100.00000000	56
2020.08.14	10:11:34.807			81.07	100.00000000	56
2020.08.14	10:11:34.816			80.95	200.00000000	88
2020.08.14	10:11:34.817			80.95	300.00000000	88
2020.08.14	10:11:34.817			80.95	1000.00000000	88
2020.08.14	10:11:34.817	80.94				2
2020.08.14	10:11:34.817		81.06			4
2020.08.14	10:11:34.817	80.93				2
2020.08.14	10:11:34.818	80.94				2
2020.08.14	10:11:35.106			80.94	300.00000000	88
2020.08.14	10:11:35.884		80.95			4
2020.08.14	10:11:36.588			80.95	1000.00000000	56
2020.08.14	10:11:36.588		81.00			4
2020.08.14	10:11:36.589		81.01			4
2020.08.14	10:11:36.590		81.04			4
2020.08.14	10:11:36.591		81.05			4
2020.08.14	10:11:36.691		81.04			4
2020.08.14	10:11:37.003		81.03			4
2020.08.14	10:11:37.004		81.02			4
2020.08.14	10:11:37.357	80.95				2
2020.08.14	10:11:37.905		81.03			4
2020.08.14	10:11:38.021		81.00			4
2020.08.14	10:11:38.773		80.99			4
2020.08.14	10:11:39.684			80.99	100.00000000	56
2020.08.14	10:11:40.383			80.99	100.00000000	56
2020.08.14	10:11:40.707			80.99	500.00000000	56
2020.08.14	10:11:40.712			80.99	500.00000000	56
2020.08.14	10:11:40.712		81.00			4
2020.08.14	10:11:40.713			81.00	300.00000000	56
2020.08.14	10:11:40.713	80.96				2
2020.08.14	10:11:40.714			81.00	200.00000000	56
2020.08.14	10:11:40.714		81.02			4
2020.08.14	10:11:40.714		81.03			4
2020.08.14	10:11:40.715			81.03	500.00000000	56
2020.08.14	10:11:40.715		81.04			4
2020.08.14	10:11:40.831			81.04	400.00000000	56
2020.08.14	10:11:40.831	81.04	81.05			6
2020.08.14	10:11:40.832		81.06			4
2020.08.14	10:11:40.832		81.07			4
2020.08.14	10:11:40.833			81.04	100.00000000	88
2020.08.14	10:11:40.833	80.97				2
2020.08.14	10:11:40.833		81.08			4
2020.08.14	10:11:40.833		81.04			4
2020.08.14	10:11:40.834			81.04	400.00000000	56
2020.08.14	10:11:40.834		81.09			4
2020.08.14	10:11:40.834	80.98				2
2020.08.14	10:11:40.835		81.08			4
2020.08.14	10:11:40.934	80.99				2
2020.08.14	10:11:40.935		81.09			4
2020.08.14	10:11:40.936	81.00				2
2020.08.14	10:11:41.696			81.00	100.00000000	88
2020.08.14	10:11:42.199			81.00	100.00000000	88
2020.08.14	10:11:42.631	81.01				2
2020.08.14	10:11:42.634	81.02				2
2020.08.14	10:11:42.654			81.09	400.00000000	56
2020.08.14	10:11:42.654		81.10			4
2020.08.14	10:11:42.654			81.10	100.00000000	56
2020.08.14	10:11:42.654			81.10	100.00000000	56
2020.08.14	10:11:42.654			81.10	100.00000000	56
2020.08.14	10:11:42.654			81.10	300.00000000	56
2020.08.14	10:11:42.654		81.11			4
2020.08.14	10:11:42.655	81.03				2
2020.08.14	10:11:42.656		81.12			4
2020.08.14	10:11:42.657	81.04				2
2020.08.14	10:11:42.658		81.13			4
2020.08.14	10:11:42.667	81.05				2
2020.08.14	10:11:42.668		81.14			4
2020.08.14	10:11:42.670	81.06				2
2020.08.14	10:11:42.670		81.15			4
2020.08.14	10:11:43.714	81.10				2
2020.08.14	10:11:43.716	81.11				2
2020.08.14	10:11:43.716			81.15	1100.00000000	56
2020.08.14	10:11:43.717			81.15	300.00000000	56
2020.08.14	10:11:43.717		81.17			4
2020.08.14	10:11:43.717		81.18			4
2020.08.14	10:11:43.717		81.19			4
2020.08.14	10:11:43.718		81.20			4
2020.08.14	10:11:44.745	81.15				2
2020.08.14	10:11:45.368			81.20	600.00000000	56
2020.08.14	10:11:45.374			81.20	100.00000000	56
2020.08.14	10:11:45.768			81.20	300.00000000	56
2020.08.14	10:11:45.768			81.20	100.00000000	56
2020.08.14	10:11:45.768		81.23			4
2020.08.14	10:11:45.769	81.16				2
2020.08.14	10:11:45.770		81.24			4
2020.08.14	10:11:45.770		81.25			4
2020.08.14	10:11:45.914	81.20				2
2020.08.14	10:11:45.992			81.20	500.00000000	88
2020.08.14	10:11:45.992			81.20	100.00000000	88
2020.08.14	10:11:45.992			81.16	100.00000000	88
2020.08.14	10:11:45.992			81.16	100.00000000	88
2020.08.14	10:11:45.992			81.16	200.00000000	88
2020.08.14	10:11:45.992			81.16	100.00000000	88
2020.08.14	10:11:45.992			81.16	100.00000000	88
2020.08.14	10:11:45.992	81.16				2
2020.08.14	10:11:45.993			81.16	100.00000000	88
2020.08.14	10:11:45.993		81.24			4
2020.08.14	10:11:45.993	81.14				2
2020.08.14	10:11:45.994		81.23			4
2020.08.14	10:11:45.995	81.13				2
2020.08.14	10:11:45.995	81.12				2
2020.08.14	10:11:45.996	81.20				2
2020.08.14	10:11:46.060		81.24			4
2020.08.14	10:11:47.002	81.17				2
2020.08.14	10:11:47.003	81.16				2
2020.08.14	10:11:47.068			81.24	100.00000000	56
2020.08.14	10:11:47.068		81.25			4
2020.08.14	10:11:47.776			81.25	400.00000000	56
2020.08.14	10:11:47.776			81.25	100.00000000	56
2020.08.14	10:11:47.776			81.26	100.00000000	56
2020.08.14	10:11:47.776			81.26	400.00000000	56
2020.08.14	10:11:47.776		81.26			4
2020.08.14	10:11:47.785			81.26	100.00000000	56
2020.08.14	10:11:47.785		81.27			4
2020.08.14	10:11:48.104	81.26				2
2020.08.14	10:11:48.105		81.28			4
2020.08.14	10:11:48.105			81.26	400.00000000	88
2020.08.14	10:11:48.105	81.16				2
2020.08.14	10:11:48.106	81.17				2
2020.08.14	10:11:48.106		81.26			4
2020.08.14	10:11:48.107	81.16				2
2020.08.14	10:11:48.125			81.26	300.00000000	56
2020.08.14	10:11:48.126		81.27			4
2020.08.14	10:11:48.150	81.26				2
2020.08.14	10:11:48.151			81.26	100.00000000	88
2020.08.14	10:11:48.151		81.28			4
2020.08.14	10:11:48.151	81.16				2
2020.08.14	10:11:48.152		81.27			4
2020.08.14	10:11:48.155			81.16	100.00000000	88
2020.08.14	10:11:48.155	81.14				2
2020.08.14	10:11:48.155		81.26			4
2020.08.14	10:11:48.156	81.13				2
2020.08.14	10:11:48.157	81.12				2
2020.08.14	10:11:48.157	81.13				2
2020.08.14	10:11:48.159	81.11				2
2020.08.14	10:11:48.159		81.25			4
2020.08.14	10:11:48.159	81.10				2
2020.08.14	10:11:48.160	81.11				2
2020.08.14	10:11:48.161	81.10				2
2020.08.14	10:11:48.161		81.24			4
2020.08.14	10:11:48.189	81.11				2
2020.08.14	10:11:48.205		81.23			4
2020.08.14	10:11:48.226		81.22			4
2020.08.14	10:11:48.281	81.10				2
2020.08.14	10:11:48.283		81.21			4
2020.08.14	10:11:48.337		81.20			4
2020.08.14	10:11:48.635		81.19			4
2020.08.14	10:11:48.703		81.18			4
2020.08.14	10:11:48.794			81.18	100.00000000	56
2020.08.14	10:11:49.032			81.18	100.00000000	56
2020.08.14	10:11:50.038			81.18	100.00000000	56
2020.08.14	10:11:50.591			81.18	100.00000000	56
2020.08.14	10:11:50.901	81.11				2
2020.08.14	10:11:51.052			81.18	100.00000000	56
2020.08.14	10:11:51.122			81.18	100.00000000	56
2020.08.14	10:11:51.122	81.18	81.19			6
2020.08.14	10:11:51.124			81.18	100.00000000	88
2020.08.14	10:11:51.124	81.12				2
2020.08.14	10:11:51.124		81.18			4
2020.08.14	10:11:51.125	81.11				2
2020.08.14	10:11:51.126		81.17			4
2020.08.14	10:11:51.128			81.11	1000.00000000	88
2020.08.14	10:11:51.128	81.10				2
2020.08.14	10:11:51.128		81.16			4
2020.08.14	10:11:51.144			81.10	100.00000000	88
2020.08.14	10:11:51.699			81.10	100.00000000	88
2020.08.14	10:11:51.699			81.10	100.00000000	88
2020.08.14	10:11:51.699			81.10	100.00000000	88
2020.08.14	10:11:51.699	81.07				2
2020.08.14	10:11:51.700	81.06				2
2020.08.14	10:11:51.700	81.05				2
2020.08.14	10:11:51.700		81.15			4
2020.08.14	10:11:51.701	81.06				2
2020.08.14	10:11:51.702		81.14			4
2020.08.14	10:11:51.702	81.05				2
2020.08.14	10:11:52.095		81.13			4
2020.08.14	10:11:52.101		81.12			4
2020.08.14	10:11:52.136	81.10				2
2020.08.14	10:11:52.137			81.10	200.00000000	120
2020.08.14	10:11:52.137	81.05				2
2020.08.14	10:11:52.138		81.11			4
2020.08.14	10:11:52.147		81.10			4
2020.08.14	10:11:52.291			81.10	500.00000000	56
2020.08.14	10:11:52.291			81.11	100.00000000	56
2020.08.14	10:11:52.291			81.13	400.00000000	56
2020.08.14	10:11:52.291		81.13			4
2020.08.14	10:11:52.772			81.05	100.00000000	88
2020.08.14	10:11:52.772			81.05	100.00000000	88
2020.08.14	10:11:52.772			81.03	400.00000000	88
2020.08.14	10:11:52.772			81.02	100.00000000	88
2020.08.14	10:11:52.772			81.02	100.00000000	88
2020.08.14	10:11:52.772			81.01	100.00000000	88
2020.08.14	10:11:52.772			81.01	100.00000000	88
2020.08.14	10:11:52.772			81.01	100.00000000	88
2020.08.14	10:11:52.772			81.01	300.00000000	88
2020.08.14	10:11:52.772			81.00	100.00000000	88
2020.08.14	10:11:52.772			81.00	100.00000000	88
2020.08.14	10:11:52.772			81.00	100.00000000	88
2020.08.14	10:11:52.772			80.99	100.00000000	88
2020.08.14	10:11:52.772			80.99	100.00000000	88
2020.08.14	10:11:52.772			80.99	300.00000000	88
2020.08.14	10:11:52.772			80.99	100.00000000	88
2020.08.14	10:11:52.772	80.99				2
2020.08.14	10:11:52.774	80.98				2
2020.08.14	10:11:52.774	80.99				2
2020.08.14	10:11:52.774		81.12			4
2020.08.14	10:11:52.777		81.11			4
2020.08.14	10:11:52.785			81.11	100.00000000	56
2020.08.14	10:11:52.785			81.12	100.00000000	56
2020.08.14	10:11:52.785			81.12	100.00000000	56
2020.08.14	10:11:52.785			81.12	100.00000000	56
2020.08.14	10:11:52.785			81.13	100.00000000	56
2020.08.14	10:11:52.785			81.13	100.00000000	56
2020.08.14	10:11:52.785			81.14	400.00000000	56
2020.08.14	10:11:52.785		81.14			4
2020.08.14	10:11:52.786	80.98				2
2020.08.14	10:11:52.786		81.11			4
2020.08.14	10:11:52.786	81.00				2
2020.08.14	10:11:52.904	81.05				2
2020.08.14	10:11:53.161			81.11	100.00000000	56
2020.08.14	10:11:53.593			81.11	200.00000000	56
2020.08.14	10:11:53.826			81.11	100.00000000	56
2020.08.14	10:11:54.168			81.11	100.00000000	56
2020.08.14	10:11:54.168	81.11	81.12			6
2020.08.14	10:11:54.170		81.14			4
2020.08.14	10:11:56.009			81.11	400.00000000	88
2020.08.14	10:11:56.009			81.11	200.00000000	88
2020.08.14	10:11:56.009			81.08	100.00000000	88
2020.08.14	10:11:56.009			81.07	100.00000000	88
2020.08.14	10:11:56.009			81.06	100.00000000	88
2020.08.14	10:11:56.009			81.06	100.00000000	88
2020.08.14	10:11:56.009			81.05	100.00000000	88
2020.08.14	10:11:56.009	81.05				2
2020.08.14	10:11:56.011			81.05	200.00000000	88
2020.08.14	10:11:56.011	81.04				2
2020.08.14	10:11:56.011	81.05				2
2020.08.14	10:11:56.011		81.13			4
2020.08.14	10:11:56.014			81.05	100.00000000	88
2020.08.14	10:11:56.015	81.11				2
2020.08.14	10:11:56.016			81.11	200.00000000	88
2020.08.14	10:11:56.016		81.14			4
2020.08.14	10:11:56.016	81.05				2
2020.08.14	10:11:56.017		81.13			4
2020.08.14	10:11:56.023	81.11				2
2020.08.14	10:11:56.023		81.14			4
2020.08.14	10:11:56.024			81.11	100.00000000	88
2020.08.14	10:11:56.024	81.05				2
2020.08.14	10:11:56.025		81.13			4
2020.08.14	10:11:56.025	81.02				2
2020.08.14	10:11:56.026	81.01				2
2020.08.14	10:11:56.029	81.02				2
2020.08.14	10:11:56.788			81.02	500.00000000	88
2020.08.14	10:11:56.789		81.12			4
2020.08.14	10:11:57.015	81.01				2
2020.08.14	10:11:57.017		81.11			4
2020.08.14	10:11:57.033	81.02				2
2020.08.14	10:11:57.176			81.11	100.00000000	56
2020.08.14	10:11:57.796	81.08				2
2020.08.14	10:11:57.797			81.08	100.00000000	88
2020.08.14	10:11:57.797	81.03				2
2020.08.14	10:11:57.798		81.12			4
2020.08.14	10:11:57.798		81.10			4
2020.08.14	10:11:57.799	81.02				2
2020.08.14	10:11:58.198	81.08				2
2020.08.14	10:11:58.199		81.11			4
2020.08.14	10:11:58.199			81.08	100.00000000	88
2020.08.14	10:11:58.199		81.09			4
2020.08.14	10:11:58.201			81.08	100.00000000	88
2020.08.14	10:11:58.201	81.04				2
2020.08.14	10:11:58.202	81.03				2
2020.08.14	10:11:58.202	81.02				2
2020.08.14	10:11:58.301		81.11			4
2020.08.14	10:11:58.867			81.02	100.00000000	88
2020.08.14	10:11:59.060			81.02	100.00000000	88
2020.08.14	10:11:59.060	81.01	81.02			6
2020.08.14	10:11:59.061	81.00				2
2020.08.14	10:11:59.219			81.02	100.00000000	56
2020.08.14	10:12:00.056			81.00	300.00000000	88
2020.08.14	10:12:00.056	80.97				2
2020.08.14	10:12:00.058	80.95				2
2020.08.14	10:12:00.060		81.01			4
2020.08.14	10:12:00.088	81.00				2
2020.08.14	10:12:00.089			81.00	100.00000000	120
2020.08.14	10:12:00.089	80.95				2
2020.08.14	10:12:00.090	80.96				2
2020.08.14	10:12:00.090		81.02			4
2020.08.14	10:12:00.202			80.96	200.00000000	88
2020.08.14	10:12:00.202	80.95				2
2020.08.14	10:12:00.202		81.01			4
2020.08.14	10:12:00.209			80.95	100.00000000	88
2020.08.14	10:12:00.210		81.00			4
2020.08.14	10:12:01.017			80.95	200.00000000	88
2020.08.14	10:12:01.414		81.02			4
2020.08.14	10:12:02.251			80.95	100.00000000	88
2020.08.14	10:12:02.251			80.95	200.00000000	88
2020.08.14	10:12:02.251			80.95	100.00000000	88
2020.08.14	10:12:02.251			80.95	100.00000000	88
2020.08.14	10:12:02.251			80.95	100.00000000	88
2020.08.14	10:12:02.251			80.95	100.00000000	88
2020.08.14	10:12:02.251	80.92				2
2020.08.14	10:12:02.251		81.01			4
2020.08.14	10:12:02.257	80.95				2
2020.08.14	10:12:02.258			80.95	100.00000000	120
2020.08.14	10:12:02.258	80.92				2
2020.08.14	10:12:02.259		81.00			4
2020.08.14	10:12:02.302		80.99			4
2020.08.14	10:12:02.814			80.99	500.00000000	56
2020.08.14	10:12:02.814		81.01			4
2020.08.14	10:12:02.815	80.93				2
2020.08.14	10:12:02.815		81.02			4
2020.08.14	10:12:02.816		81.00			4
2020.08.14	10:12:02.992		80.95			4
2020.08.14	10:12:02.992	80.92				2
2020.08.14	10:12:03.208			80.92	100.00000000	88
2020.08.14	10:12:03.208			80.92	100.00000000	88
2020.08.14	10:12:03.209			80.92	300.00000000	88
2020.08.14	10:12:03.209	80.91				2
2020.08.14	10:12:03.211			80.91	1000.00000000	88
2020.08.14	10:12:03.211			80.91	3300.00000000	88
2020.08.14	10:12:03.211			80.91	500.00000000	88
2020.08.14	10:12:03.211			80.91	1300.00000000	88
2020.08.14	10:12:03.211			80.91	600.00000000	88
2020.08.14	10:12:03.212			80.91	300.00000000	88
2020.08.14	10:12:03.212			80.91	100.00000000	88
2020.08.14	10:12:03.212			80.91	1200.00000000	88
2020.08.14	10:12:03.212			80.91	1200.00000000	88
2020.08.14	10:12:03.213			80.91	1500.00000000	88
2020.08.14	10:12:03.213	80.90				2
2020.08.14	10:12:03.213		80.94			4
2020.08.14	10:12:03.214			80.90	200.00000000	88
2020.08.14	10:12:03.214			80.90	500.00000000	88
2020.08.14	10:12:03.214			80.90	500.00000000	88
2020.08.14	10:12:03.214	80.87				2
2020.08.14	10:12:03.214		80.95			4
2020.08.14	10:12:03.215	80.86				2
2020.08.14	10:12:03.216	80.85				2
2020.08.14	10:12:03.216	80.84				2
2020.08.14	10:12:03.216	80.83				2
2020.08.14	10:12:03.217	80.82				2
2020.08.14	10:12:03.217	80.83				2
2020.08.14	10:12:03.219	80.82				2
2020.08.14	10:12:03.247	80.81				2
2020.08.14	10:12:03.248	80.82				2
2020.08.14	10:12:03.283	80.90				2
2020.08.14	10:12:03.727			80.95	100.00000000	56
2020.08.14	10:12:03.727			80.96	100.00000000	56
2020.08.14	10:12:03.727			80.96	200.00000000	56
2020.08.14	10:12:03.727		80.96			4
2020.08.14	10:12:03.728		80.97			4
2020.08.14	10:12:03.729		80.98			4
2020.08.14	10:12:03.730		80.99			4
2020.08.14	10:12:03.730		80.98			4
2020.08.14	10:12:04.261			80.90	100.00000000	88
2020.08.14	10:12:04.261			80.90	500.00000000	88
2020.08.14	10:12:04.261	80.87				2
2020.08.14	10:12:04.261		80.97			4
2020.08.14	10:12:04.262	80.86				2
2020.08.14	10:12:04.263	80.85				2
2020.08.14	10:12:04.264	80.84				2
2020.08.14	10:12:04.265	80.83				2
2020.08.14	10:12:04.265	80.84				2
2020.08.14	10:12:04.265		80.96			4
2020.08.14	10:12:04.267	80.82				2
2020.08.14	10:12:04.267	80.81				2
2020.08.14	10:12:04.268			80.96	100.00000000	56
2020.08.14	10:12:04.268			80.96	400.00000000	56
2020.08.14	10:12:04.268		80.95			4
2020.08.14	10:12:04.268	80.82				2
2020.08.14	10:12:04.277			80.95	100.00000000	56
2020.08.14	10:12:04.277			80.96	200.00000000	56
2020.08.14	10:12:04.277			80.96	100.00000000	56
2020.08.14	10:12:04.277	80.96	80.97			6
2020.08.14	10:12:04.278			80.96	100.00000000	88
2020.08.14	10:12:04.278		80.99			4
2020.08.14	10:12:04.278	80.81				2
2020.08.14	10:12:04.278	80.83				2
2020.08.14	10:12:04.278		81.00			4
2020.08.14	10:12:04.279	80.81				2
2020.08.14	10:12:04.279		80.98			4
2020.08.14	10:12:04.279	80.84				2
2020.08.14	10:12:04.293	80.96				2
2020.08.14	10:12:04.293		80.99			4
2020.08.14	10:12:04.294			80.96	500.00000000	88
2020.08.14	10:12:04.294	80.85				2
2020.08.14	10:12:04.295		80.98			4
2020.08.14	10:12:04.295	80.86				2
2020.08.14	10:12:04.308	80.96				2
2020.08.14	10:12:04.309		80.99			4
2020.08.14	10:12:04.612			80.99	100.00000000	56
2020.08.14	10:12:04.614		81.01			4
2020.08.14	10:12:04.742	80.99				2
2020.08.14	10:12:04.743		81.02			4
2020.08.14	10:12:05.457			81.02	500.00000000	56
2020.08.14	10:12:05.457		81.05			4
2020.08.14	10:12:05.458		81.06			4
2020.08.14	10:12:05.459		81.07			4
2020.08.14	10:12:05.460	81.00				2
2020.08.14	10:12:05.461		81.08			4
2020.08.14	10:12:05.462		81.09			4
2020.08.14	10:12:06.134	81.03				2
2020.08.14	10:12:06.134		81.10			4
2020.08.14	10:12:06.265			81.03	300.00000000	88
2020.08.14	10:12:06.265	81.00				2
2020.08.14	10:12:06.266		81.09			4
2020.08.14	10:12:06.306	81.03				2
2020.08.14	10:12:06.426		81.10			4
2020.08.14	10:12:07.134			81.03	500.00000000	88
2020.08.14	10:12:07.134			81.03	100.00000000	88
2020.08.14	10:12:07.134			81.03	100.00000000	88
2020.08.14	10:12:07.134			81.03	200.00000000	88
2020.08.14	10:12:07.134			80.99	100.00000000	88
2020.08.14	10:12:07.134	80.98				2
2020.08.14	10:12:07.136		81.09			4
2020.08.14	10:12:07.138	81.03				2
2020.08.14	10:12:07.480	80.99				2
2020.08.14	10:12:07.480	80.98				2
2020.08.14	10:12:07.484	80.99				2
2020.08.14	10:12:08.509			80.99	500.00000000	88
2020.08.14	10:12:08.509	80.98				2
2020.08.14	10:12:08.509		81.08			4
2020.08.14	10:12:08.510	80.97				2
2020.08.14	10:12:08.510	80.98				2
2020.08.14	10:12:08.512	80.97				2
2020.08.14	10:12:08.513	80.96				2
2020.08.14	10:12:08.513		81.07			4
2020.08.14	10:12:08.515		81.06			4
2020.08.14	10:12:08.515	80.99				2
2020.08.14	10:12:08.975			81.06	100.00000000	56
2020.08.14	10:12:09.485		81.00			4
2020.08.14	10:12:10.003			81.00	200.00000000	56
2020.08.14	10:12:10.003	80.98				2
2020.08.14	10:12:10.263			80.98	100.00000000	88
2020.08.14	10:12:10.263	80.96				2
2020.08.14	10:12:10.529			80.96	100.00000000	88
2020.08.14	10:12:10.529			80.96	100.00000000	88
2020.08.14	10:12:10.529	80.95				2
2020.08.14	10:12:10.529		80.99			4
2020.08.14	10:12:10.567		80.97			4
2020.08.14	10:12:10.603			80.95	600.00000000	88
2020.08.14	10:12:10.605			80.95	400.00000000	88
2020.08.14	10:12:10.605	80.94				2
2020.08.14	10:12:11.541	80.95				2
2020.08.14	10:12:12.067			80.97	100.00000000	56
2020.08.14	10:12:12.068			80.97	100.00000000	56
2020.08.14	10:12:12.068		80.99			4
2020.08.14	10:12:12.380			80.99	100.00000000	56
2020.08.14	10:12:12.441			80.99	100.00000000	56
2020.08.14	10:12:12.441		81.00			4
2020.08.14	10:12:12.645			81.00	500.00000000	56
2020.08.14	10:12:12.969			81.00	100.00000000	56
2020.08.14	10:12:12.970		81.03			4
2020.08.14	10:12:12.970		81.02			4
2020.08.14	10:12:13.084	81.00				2
2020.08.14	10:12:13.085		81.03			4
2020.08.14	10:12:13.085		81.04			4
2020.08.14	10:12:13.085		81.05			4
2020.08.14	10:12:13.086		81.06			4
2020.08.14	10:12:13.292		81.07			4
2020.08.14	10:12:13.411			81.07	200.00000000	56
2020.08.14	10:12:13.411		81.08			4
2020.08.14	10:12:13.412	81.01				2
2020.08.14	10:12:13.413	81.02				2
2020.08.14	10:12:13.451	81.03				2
2020.08.14	10:12:13.452		81.09			4
2020.08.14	10:12:13.453	81.04				2
2020.08.14	10:12:13.453		81.10			4
2020.08.14	10:12:13.455	81.05				2
2020.08.14	10:12:13.456	81.06				2
2020.08.14	10:12:13.458	81.04				2
2020.08.14	10:12:13.649	81.05				2
2020.08.14	10:12:13.661			81.10	100.00000000	56
2020.08.14	10:12:13.661		81.11			4
2020.08.14	10:12:13.662	81.06				2
2020.08.14	10:12:13.664	81.04				2
2020.08.14	10:12:13.901	81.05				2
2020.08.14	10:12:14.431	81.10				2
2020.08.14	10:12:14.432			81.11	100.00000000	56
2020.08.14	10:12:14.432		81.13			4
2020.08.14	10:12:14.433		81.14			4
2020.08.14	10:12:15.390			81.14	100.00000000	56
2020.08.14	10:12:15.390			81.15	300.00000000	56
2020.08.14	10:12:15.390		81.15			4
2020.08.14	10:12:15.450			81.15	300.00000000	56
2020.08.14	10:12:15.450	81.15	81.16			6
2020.08.14	10:12:15.451		81.17			4
2020.08.14	10:12:15.519			81.17	300.00000000	56
2020.08.14	10:12:15.520			81.17	700.00000000	56
2020.08.14	10:12:15.520		81.20			4
2020.08.14	10:12:15.522	81.16				2
2020.08.14	10:12:15.794			81.16	100.00000000	88
2020.08.14	10:12:15.795			81.16	100.00000000	88
2020.08.14	10:12:15.795	81.15				2
2020.08.14	10:12:15.795		81.19			4
2020.08.14	10:12:16.117			81.15	200.00000000	88
2020.08.14	10:12:16.117			81.12	100.00000000	88
2020.08.14	10:12:16.117			81.11	100.00000000	88
2020.08.14	10:12:16.117			81.11	100.00000000	88
2020.08.14	10:12:16.117			81.10	100.00000000	88
2020.08.14	10:12:16.117			81.10	100.00000000	88
2020.08.14	10:12:16.117			81.10	100.00000000	88
2020.08.14	10:12:16.117			81.10	100.00000000	88
2020.08.14	10:12:16.117			81.09	100.00000000	88
2020.08.14	10:12:16.117	81.09				2
2020.08.14	10:12:16.118	81.08				2
2020.08.14	10:12:16.118	81.10				2
2020.08.14	10:12:16.119		81.18			4
2020.08.14	10:12:16.123	81.16				2
2020.08.14	10:12:16.124			81.16	100.00000000	120
2020.08.14	10:12:16.124	81.09				2
2020.08.14	10:12:16.125		81.17			4
2020.08.14	10:12:16.128	81.05				2
2020.08.14	10:12:16.129	81.06				2
2020.08.14	10:12:17.469	81.16				2
2020.08.14	10:12:17.471			81.16	100.00000000	88
2020.08.14	10:12:17.471		81.19			4
2020.08.14	10:12:17.541			81.16	200.00000000	88
2020.08.14	10:12:17.541			81.08	100.00000000	88
2020.08.14	10:12:17.541			81.07	100.00000000	88
2020.08.14	10:12:17.541			81.06	200.00000000	88
2020.08.14	10:12:17.541	81.06				2
2020.08.14	10:12:17.542	81.03				2
2020.08.14	10:12:17.542	81.07				2
2020.08.14	10:12:17.542		81.18			4
2020.08.14	10:12:17.643			81.07	100.00000000	88
2020.08.14	10:12:17.644		81.17			4
2020.08.14	10:12:17.816			81.07	400.00000000	88
2020.08.14	10:12:17.816			81.07	100.00000000	88
2020.08.14	10:12:17.816	81.05				2
2020.08.14	10:12:17.817	81.04				2
2020.08.14	10:12:17.818		81.16			4
2020.08.14	10:12:17.819	81.03				2
2020.08.14	10:12:17.819		81.15			4
2020.08.14	10:12:17.819	81.05				2
2020.08.14	10:12:18.366			81.15	200.00000000	56
2020.08.14	10:12:18.366			81.16	100.00000000	56
2020.08.14	10:12:18.366			81.16	100.00000000	56
2020.08.14	10:12:18.366			81.16	600.00000000	56
2020.08.14	10:12:18.366			81.16	200.00000000	56
2020.08.14	10:12:18.366			81.17	100.00000000	56
2020.08.14	10:12:18.366			81.17	100.00000000	56
2020.08.14	10:12:18.366			81.17	400.00000000	56
2020.08.14	10:12:18.366			81.18	100.00000000	56
2020.08.14	10:12:18.366			81.18	100.00000000	56
2020.08.14	10:12:18.366		81.18			4
2020.08.14	10:12:18.565			81.18	100.00000000	56
2020.08.14	10:12:19.571			81.18	200.00000000	56
2020.08.14	10:12:19.571			81.18	200.00000000	56
2020.08.14	10:12:19.572	81.06				2
2020.08.14	10:12:19.574	81.07				2
2020.08.14	10:12:19.574		81.19			4
2020.08.14	10:12:20.160			81.07	100.00000000	88
2020.08.14	10:12:20.161		81.18			4
2020.08.14	10:12:21.850	81.10				2
2020.08.14	10:12:22.030			81.10	100.00000000	88
2020.08.14	10:12:22.030			81.10	200.00000000	88
2020.08.14	10:12:22.030	81.08	81.09			6
2020.08.14	10:12:22.031	81.07				2
2020.08.14	10:12:22.031			81.09	200.00000000	56
2020.08.14	10:12:22.031		81.17			4
2020.08.14	10:12:23.052	81.09				2
2020.08.14	10:12:23.053		81.18			4
2020.08.14	10:12:23.208			81.09	100.00000000	88
2020.08.14	10:12:23.208			81.09	100.00000000	88
2020.08.14	10:12:23.208			81.08	100.00000000	88
2020.08.14	10:12:23.208	81.08				2
2020.08.14	10:12:23.210			81.08	300.00000000	88
2020.08.14	10:12:23.210	81.07				2
2020.08.14	10:12:23.210		81.17			4
2020.08.14	10:12:23.440	81.06				2
2020.08.14	10:12:23.441	81.05				2
2020.08.14	10:12:24.227	81.08				2
2020.08.14	10:12:24.521			81.08	100.00000000	88
2020.08.14	10:12:24.521	81.06				2
2020.08.14	10:12:24.522		81.16			4
2020.08.14	10:12:24.523	81.05				2
2020.08.14	10:12:24.524		81.15			4
2020.08.14	10:12:24.880	81.10				2
2020.08.14	10:12:24.881			81.10	100.00000000	88
2020.08.14	10:12:24.881	81.06				2
2020.08.14	10:12:24.882		81.14			4
2020.08.14	10:12:24.883	81.05				2
2020.08.14	10:12:24.884		81.13			4
2020.08.14	10:12:25.904	81.10				2
2020.08.14	10:12:25.904		81.14			4
2020.08.14	10:12:25.905			81.10	100.00000000	88
2020.08.14	10:12:25.905	81.05				2
2020.08.14	10:12:25.905		81.12			4
2020.08.14	10:12:25.907	81.10				2
2020.08.14	10:12:25.907		81.13			4
2020.08.14	10:12:25.909		81.14			4
2020.08.14	10:12:26.411	81.06				2
2020.08.14	10:12:27.413	81.05				2
2020.08.14	10:12:27.487			81.05	100.00000000	88
2020.08.14	10:12:27.606			81.05	100.00000000	88
2020.08.14	10:12:27.606	81.04				2
2020.08.14	10:12:27.607		81.13			4
2020.08.14	10:12:27.608	81.03				2
2020.08.14	10:12:27.654	81.04				2
2020.08.14	10:12:28.590		81.14			4
2020.08.14	10:12:28.596	81.05				2
2020.08.14	10:12:28.597	81.06				2
2020.08.14	10:12:29.826			81.06	100.00000000	88
2020.08.14	10:12:29.826	81.05				2
2020.08.14	10:12:29.827	81.04				2
2020.08.14	10:12:29.827		81.13			4
2020.08.14	10:12:29.906		81.14			4
2020.08.14	10:12:30.125		81.06			4
2020.08.14	10:12:30.126			81.06	200.00000000	56
2020.08.14	10:12:30.126	81.03				2
2020.08.14	10:12:30.126		81.14			4
2020.08.14	10:12:30.127	81.04				2
2020.08.14	10:12:30.226	81.05				2
2020.08.14	10:12:31.971	81.07				2
2020.08.14	10:12:32.482		81.15			4
2020.08.14	10:12:32.483	81.08				2
2020.08.14	10:12:32.484		81.16			4
2020.08.14	10:12:32.485	81.09				2
2020.08.14	10:12:32.525			81.16	100.00000000	56
2020.08.14	10:12:32.525		81.17			4
2020.08.14	10:12:32.526	81.10				2
2020.08.14	10:12:32.695			81.10	500.00000000	88
2020.08.14	10:12:32.695	81.09	81.10			6
2020.08.14	10:12:32.769			81.10	100.00000000	56
2020.08.14	10:12:33.542			81.10	100.00000000	56
2020.08.14	10:12:34.192			81.09	100.00000000	88
2020.08.14	10:12:34.193			81.09	200.00000000	88
2020.08.14	10:12:34.193	81.07				2
2020.08.14	10:12:34.193		81.09			4
2020.08.14	10:12:34.380		81.10			4
2020.08.14	10:12:34.467			81.07	300.00000000	88
2020.08.14	10:12:34.467	81.04				2
2020.08.14	10:12:34.468	81.03				2
2020.08.14	10:12:34.547	81.07				2
2020.08.14	10:12:34.880			81.10	600.00000000	56
2020.08.14	10:12:35.428			81.10	200.00000000	56
2020.08.14	10:12:35.896			81.10	100.00000000	56
2020.08.14	10:12:35.896			81.10	100.00000000	56
2020.08.14	10:12:35.905			81.10	100.00000000	56
2020.08.14	10:12:36.047	81.04				2
2020.08.14	10:12:36.048			81.10	100.00000000	56
2020.08.14	10:12:36.048			81.10	2400.00000000	56
2020.08.14	10:12:36.049			81.10	700.00000000	56
2020.08.14	10:12:36.049		81.13			4
2020.08.14	10:12:36.049	81.05				2
2020.08.14	10:12:36.050		81.15			4
2020.08.14	10:12:36.050		81.16			4
2020.08.14	10:12:36.051		81.17			4
2020.08.14	10:12:36.051		81.16			4
2020.08.14	10:12:37.061	81.10				2
2020.08.14	10:12:37.062		81.17			4
2020.08.14	10:12:37.815			81.17	100.00000000	56
2020.08.14	10:12:37.815		81.18			4
2020.08.14	10:12:37.816	81.11				2
2020.08.14	10:12:37.817		81.19			4
2020.08.14	10:12:38.234			81.19	100.00000000	56
2020.08.14	10:12:38.234			81.20	200.00000000	56
2020.08.14	10:12:38.234		81.20			4
2020.08.14	10:12:38.235	81.12				2
2020.08.14	10:12:38.237	81.11				2
2020.08.14	10:12:38.237	81.12				2
2020.08.14	10:12:38.838			81.20	500.00000000	56
2020.08.14	10:12:38.846			81.20	100.00000000	56
2020.08.14	10:12:39.435	81.13				2
2020.08.14	10:12:39.437	81.14				2
2020.08.14	10:12:39.870			81.20	100.00000000	56
2020.08.14	10:12:41.799			81.20	500.00000000	56
2020.08.14	10:12:41.941			81.20	100.00000000	56
2020.08.14	10:12:42.006			81.14	100.00000000	88
2020.08.14	10:12:43.960		81.15			4
2020.08.14	10:12:43.961			81.15	300.00000000	120
2020.08.14	10:12:43.961		81.18			4
2020.08.14	10:12:43.962		81.19			4
2020.08.14	10:12:43.963		81.20			4
2020.08.14	10:12:44.990	81.15				2
2020.08.14	10:12:46.801			81.20	1500.00000000	56
2020.08.14	10:12:46.801			81.20	300.00000000	56
2020.08.14	10:12:46.801			81.20	700.00000000	56
2020.08.14	10:12:46.801			81.20	300.00000000	56
2020.08.14	10:12:46.801			81.21	100.00000000	56
2020.08.14	10:12:46.801		81.22			4
2020.08.14	10:12:46.801	81.16				2
2020.08.14	10:12:46.802		81.23			4
2020.08.14	10:12:46.802		81.24			4
2020.08.14	10:12:46.802			81.24	400.00000000	56
2020.08.14	10:12:46.802			81.24	400.00000000	56
2020.08.14	10:12:46.802			81.24	3500.00000000	56
2020.08.14	10:12:46.804			81.24	1400.00000000	56
2020.08.14	10:12:46.805			81.24	900.00000000	56
2020.08.14	10:12:46.805			81.24	100.00000000	56
2020.08.14	10:12:46.805		81.25			4
2020.08.14	10:12:47.826	81.24				2
2020.08.14	10:12:47.828			81.25	300.00000000	56
2020.08.14	10:12:47.828			81.25	500.00000000	56
2020.08.14	10:12:47.828			81.25	3200.00000000	56
2020.08.14	10:12:47.830			81.25	800.00000000	56
2020.08.14	10:12:47.830			81.25	3200.00000000	56
2020.08.14	10:12:47.830			81.25	3800.00000000	56
2020.08.14	10:12:47.830			81.25	3000.00000000	56
2020.08.14	10:12:47.830		81.26			4
2020.08.14	10:12:47.832	81.25				2
2020.08.14	10:12:47.834			81.26	300.00000000	56
2020.08.14	10:12:47.834		81.28			4
2020.08.14	10:12:48.851	81.26				2
2020.08.14	10:12:50.146	81.27				2
2020.08.14	10:12:50.147			81.28	200.00000000	56
2020.08.14	10:12:50.147		81.29			4
2020.08.14	10:12:50.564			81.27	100.00000000	88
2020.08.14	10:12:52.117			81.29	200.00000000	56
2020.08.14	10:12:52.117			81.30	800.00000000	56
2020.08.14	10:12:52.117		81.30			4
2020.08.14	10:12:52.117	81.29				2
2020.08.14	10:12:52.122			81.30	300.00000000	56
2020.08.14	10:12:52.326			81.30	600.00000000	56
2020.08.14	10:12:52.327			81.30	400.00000000	56
2020.08.14	10:12:52.327			81.30	200.00000000	56
2020.08.14	10:12:52.328			81.30	600.00000000	56
2020.08.14	10:12:52.329			81.30	600.00000000	56
2020.08.14	10:12:53.140			81.30	600.00000000	56
2020.08.14	10:12:53.142			81.30	600.00000000	56
2020.08.14	10:12:53.145			81.30	100.00000000	56
2020.08.14	10:12:53.145			81.30	500.00000000	56
2020.08.14	10:12:53.153			81.30	500.00000000	56
2020.08.14	10:12:53.164			81.30	500.00000000	56
2020.08.14	10:12:53.169			81.30	500.00000000	56
2020.08.14	10:12:53.170			81.30	100.00000000	56
2020.08.14	10:12:53.174			81.30	500.00000000	56
2020.08.14	10:12:53.175			81.30	100.00000000	56
2020.08.14	10:12:53.175			81.30	2500.00000000	56
2020.08.14	10:12:53.175			81.30	100.00000000	56
2020.08.14	10:12:53.175			81.30	100.00000000	56
2020.08.14	10:12:53.175		81.33			4
2020.08.14	10:12:53.176		81.34			4
2020.08.14	10:12:53.176		81.35			4
2020.08.14	10:12:53.176	81.30				2
2020.08.14	10:12:54.927			81.35	200.00000000	56
2020.08.14	10:12:54.927			81.35	100.00000000	56
2020.08.14	10:12:54.927	81.35	81.37			6
2020.08.14	10:12:54.928		81.38			4
2020.08.14	10:12:55.011			81.38	100.00000000	56
2020.08.14	10:12:55.014			81.38	100.00000000	56
2020.08.14	10:12:55.138			81.38	100.00000000	56
2020.08.14	10:12:55.172			81.38	100.00000000	56
2020.08.14	10:12:55.195			81.35	200.00000000	88
2020.08.14	10:12:55.195			81.31	400.00000000	88
2020.08.14	10:12:55.195			81.31	100.00000000	88
2020.08.14	10:12:55.195			81.31	100.00000000	88
2020.08.14	10:12:55.195			81.30	300.00000000	88
2020.08.14	10:12:55.195	81.30				2
2020.08.14	10:12:55.196		81.37			4
2020.08.14	10:12:55.935			81.37	100.00000000	56
2020.08.14	10:12:55.935			81.37	200.00000000	56
2020.08.14	10:12:55.935		81.40			4
2020.08.14	10:12:55.938	81.31				2
2020.08.14	10:12:55.949			81.31	500.00000000	88
2020.08.14	10:12:55.949	81.30				2
2020.08.14	10:12:55.950			81.30	200.00000000	88
2020.08.14	10:12:55.950			81.30	100.00000000	88
2020.08.14	10:12:55.950			81.30	100.00000000	88
2020.08.14	10:12:55.950			81.30	100.00000000	88
2020.08.14	10:12:55.950			81.30	100.00000000	88
2020.08.14	10:12:55.950			81.30	500.00000000	88
2020.08.14	10:12:55.950			81.30	1500.00000000	88
2020.08.14	10:12:55.950			81.30	100.00000000	88
2020.08.14	10:12:55.950	81.29				2
2020.08.14	10:12:55.950			81.29	100.00000000	88
2020.08.14	10:12:55.950			81.29	100.00000000	88
2020.08.14	10:12:55.951			81.29	100.00000000	88
2020.08.14	10:12:55.951			81.28	100.00000000	88
2020.08.14	10:12:55.951			81.28	100.00000000	88
2020.08.14	10:12:55.951			81.27	200.00000000	88
2020.08.14	10:12:55.951	81.27				2
2020.08.14	10:12:55.956	81.29				2
2020.08.14	10:12:55.956		81.39			4
2020.08.14	10:12:55.957			81.29	100.00000000	88
2020.08.14	10:12:55.957	81.28				2
2020.08.14	10:12:55.957	81.30				2
2020.08.14	10:12:55.962		81.38			4
2020.08.14	10:12:56.248			81.38	100.00000000	56
2020.08.14	10:12:56.248			81.39	100.00000000	56
2020.08.14	10:12:56.248			81.39	100.00000000	56
2020.08.14	10:12:56.248		81.40			4
2020.08.14	10:12:56.870			81.30	300.00000000	88
2020.08.14	10:12:56.871		81.39			4
2020.08.14	10:12:56.913			81.30	200.00000000	88
2020.08.14	10:12:56.913			81.30	100.00000000	88
2020.08.14	10:12:56.913	81.29				2
2020.08.14	10:12:56.913	81.28				2
2020.08.14	10:12:56.914		81.38			4
2020.08.14	10:12:56.914	81.27				2
2020.08.14	10:12:56.915		81.37			4
2020.08.14	10:12:56.915		81.36			4
2020.08.14	10:12:56.916		81.35			4
2020.08.14	10:12:56.918	81.30				2
2020.08.14	10:12:56.919		81.36			4
2020.08.14	10:12:56.961	81.27				2
2020.08.14	10:12:56.967	81.30				2
2020.08.14	10:12:56.968		81.37			4
2020.08.14	10:12:57.898			81.30	300.00000000	88
2020.08.14	10:12:57.900		81.38			4
2020.08.14	10:13:00.098	81.30				2
2020.08.14	10:13:00.104		81.39			4
2020.08.14	10:13:00.105		81.40			4
2020.08.14	10:13:00.107			81.40	100.00000000	56
2020.08.14	10:13:00.107			81.40	200.00000000	56
2020.08.14	10:13:00.107			81.40	400.00000000	56
2020.08.14	10:13:00.108	81.31				2
2020.08.14	10:13:00.110	81.32				2
2020.08.14	10:13:00.120	81.31				2
2020.08.14	10:13:00.121	81.30				2
2020.08.14	10:13:00.131		81.38			4
2020.08.14	10:13:01.043	81.34				2
2020.08.14	10:13:01.143			81.38	400.00000000	56
2020.08.14	10:13:01.143			81.40	100.00000000	56
2020.08.14	10:13:01.143		81.40			4
2020.08.14	10:13:01.150			81.40	500.00000000	56
2020.08.14	10:13:01.159			81.40	500.00000000	56
2020.08.14	10:13:01.165			81.40	100.00000000	56
2020.08.14	10:13:01.165			81.40	100.00000000	56
2020.08.14	10:13:01.165	81.40	81.42			6
2020.08.14	10:13:01.865			81.42	300.00000000	56
2020.08.14	10:13:02.186			81.42	500.00000000	56
2020.08.14	10:13:02.187			81.42	200.00000000	56
2020.08.14	10:13:02.187			81.42	300.00000000	56
2020.08.14	10:13:02.187		81.43			4
2020.08.14	10:13:02.192	81.42				2
2020.08.14	10:13:02.322			81.42	200.00000000	88
2020.08.14	10:13:02.915			81.43	500.00000000	56
2020.08.14	10:13:03.637			81.43	500.00000000	56
2020.08.14	10:13:03.637		81.48			4
2020.08.14	10:13:03.638		81.49			4
2020.08.14	10:13:03.641			81.49	1000.00000000	56
2020.08.14	10:13:03.641	81.45				2
2020.08.14	10:13:03.945			81.49	300.00000000	56
2020.08.14	10:13:04.539			81.49	100.00000000	56
2020.08.14	10:13:04.647			81.49	100.00000000	56
2020.08.14	10:13:04.647			81.50	100.00000000	56
2020.08.14	10:13:04.647			81.50	100.00000000	56
2020.08.14	10:13:04.647			81.50	600.00000000	56
2020.08.14	10:13:04.647			81.50	100.00000000	56
2020.08.14	10:13:04.647			81.50	1500.00000000	56
2020.08.14	10:13:04.647		81.50			4
2020.08.14	10:13:04.648			81.50	600.00000000	56
2020.08.14	10:13:04.648	81.46				2
2020.08.14	10:13:04.650			81.50	600.00000000	56
2020.08.14	10:13:04.654	81.49				2
2020.08.14	10:13:04.654			81.50	600.00000000	56
2020.08.14	10:13:04.664			81.50	500.00000000	56
2020.08.14	10:13:04.665			81.50	2000.00000000	56
2020.08.14	10:13:04.682			81.50	500.00000000	56
2020.08.14	10:13:04.742			81.50	1100.00000000	56
2020.08.14	10:13:04.766			81.50	200.00000000	56
2020.08.14	10:13:04.767			81.50	500.00000000	56
2020.08.14	10:13:04.767			81.50	1500.00000000	56
2020.08.14	10:13:04.768			81.50	300.00000000	56
2020.08.14	10:13:04.768			81.50	2000.00000000	56
2020.08.14	10:13:04.768			81.50	600.00000000	56
2020.08.14	10:13:04.768		81.51			4
2020.08.14	10:13:04.769	81.50				2
2020.08.14	10:13:04.818			81.51	100.00000000	56
2020.08.14	10:13:04.818			81.51	100.00000000	56
2020.08.14	10:13:04.818			81.56	100.00000000	56
2020.08.14	10:13:04.818			81.57	100.00000000	56
2020.08.14	10:13:04.818			81.58	100.00000000	56
2020.08.14	10:13:04.818			81.58	100.00000000	56
2020.08.14	10:13:04.818			81.58	100.00000000	56
2020.08.14	10:13:04.818			81.58	100.00000000	56
2020.08.14	10:13:04.818			81.59	100.00000000	56
2020.08.14	10:13:04.818	81.59	81.60			6
2020.08.14	10:13:04.819		81.61			4
2020.08.14	10:13:04.820			81.59	100.00000000	88
2020.08.14	10:13:04.820	81.53				2
2020.08.14	10:13:04.821	81.51				2
2020.08.14	10:13:04.821		81.60			4
2020.08.14	10:13:04.822	81.52				2
2020.08.14	10:13:04.858	81.59				2
2020.08.14	10:13:04.859		81.61			4
2020.08.14	10:13:05.038			81.61	100.00000000	56
2020.08.14	10:13:05.038			81.61	200.00000000	56
2020.08.14	10:13:05.038			81.61	300.00000000	56
2020.08.14	10:13:05.040			81.61	200.00000000	56
2020.08.14	10:13:05.040			81.61	100.00000000	56
2020.08.14	10:13:05.040		81.64			4
2020.08.14	10:13:05.041	81.60				2
2020.08.14	10:13:05.172			81.64	200.00000000	56
2020.08.14	10:13:05.173			81.64	300.00000000	56
2020.08.14	10:13:05.173		81.66			4
2020.08.14	10:13:05.174		81.67			4
2020.08.14	10:13:05.174	81.61				2
2020.08.14	10:13:05.176	81.62				2
2020.08.14	10:13:05.609			81.67	200.00000000	56
2020.08.14	10:13:05.609			81.67	200.00000000	56
2020.08.14	10:13:05.609			81.69	100.00000000	56
2020.08.14	10:13:05.609		81.69			4
2020.08.14	10:13:05.680			81.69	200.00000000	56
2020.08.14	10:13:05.681			81.69	100.00000000	56
2020.08.14	10:13:05.681	81.69	81.70			6
2020.08.14	10:13:05.978			81.70	400.00000000	56
2020.08.14	10:13:05.978			81.70	300.00000000	56
2020.08.14	10:13:06.072			81.70	1000.00000000	56
2020.08.14	10:13:06.073			81.70	600.00000000	56
2020.08.14	10:13:06.074			81.70	3000.00000000	56
2020.08.14	10:13:06.074			81.70	3200.00000000	56
2020.08.14	10:13:06.074			81.70	1900.00000000	56
2020.08.14	10:13:06.074			81.70	100.00000000	56
2020.08.14	10:13:06.074			81.70	1000.00000000	56
2020.08.14	10:13:06.074			81.70	1000.00000000	56
2020.08.14	10:13:06.074		81.74			4
2020.08.14	10:13:06.075	81.70				2
2020.08.14	10:13:06.194			81.74	100.00000000	56
2020.08.14	10:13:06.194	81.74	81.77			6
2020.08.14	10:13:06.195			81.77	100.00000000	56
2020.08.14	10:13:06.195			81.78	100.00000000	56
2020.08.14	10:13:06.195			81.79	100.00000000	56
2020.08.14	10:13:06.195	81.79	81.80			6
2020.08.14	10:13:06.202			81.80	100.00000000	56
2020.08.14	10:13:06.202			81.80	600.00000000	56
2020.08.14	10:13:06.692			81.80	400.00000000	56
2020.08.14	10:13:06.692	81.80	81.81			6
2020.08.14	10:13:06.902			81.81	100.00000000	56
2020.08.14	10:13:06.902	81.84	81.85			6
2020.08.14	10:13:06.905			81.84	200.00000000	88
2020.08.14	10:13:06.905	81.80				2
2020.08.14	10:13:07.234			81.80	100.00000000	88
2020.08.14	10:13:07.234			81.80	200.00000000	88
2020.08.14	10:13:08.268			81.85	100.00000000	56
2020.08.14	10:13:08.390	81.81				2
2020.08.14	10:13:08.803			81.85	100.00000000	56
2020.08.14	10:13:08.803			81.87	100.00000000	56
2020.08.14	10:13:08.803			81.88	100.00000000	56
2020.08.14	10:13:08.803		81.88			4
2020.08.14	10:13:08.804	81.82				2
2020.08.14	10:13:09.023	81.85				2
2020.08.14	10:13:09.032			81.88	100.00000000	56
2020.08.14	10:13:09.032		81.89			4
2020.08.14	10:13:09.301			81.85	100.00000000	88
2020.08.14	10:13:09.301			81.85	100.00000000	88
2020.08.14	10:13:09.301			81.85	100.00000000	88
2020.08.14	10:13:09.301			81.85	100.00000000	88
2020.08.14	10:13:09.301			81.85	600.00000000	88
2020.08.14	10:13:09.301			81.85	700.00000000	88
2020.08.14	10:13:09.301	81.83				2
2020.08.14	10:13:09.301			81.83	400.00000000	88
2020.08.14	10:13:09.301	81.82				2
2020.08.14	10:13:09.302			81.82	100.00000000	88
2020.08.14	10:13:09.302	81.81				2
2020.08.14	10:13:09.303		81.88			4
2020.08.14	10:13:09.303			81.81	100.00000000	88
2020.08.14	10:13:09.303			81.80	100.00000000	88
2020.08.14	10:13:09.303	81.79				2
2020.08.14	10:13:09.304	81.80				2
2020.08.14	10:13:09.304			81.80	400.00000000	88
2020.08.14	10:13:09.304			81.79	200.00000000	88
2020.08.14	10:13:09.304			81.79	500.00000000	88
2020.08.14	10:13:09.304			81.79	700.00000000	88
2020.08.14	10:13:09.304			81.79	300.00000000	88
2020.08.14	10:13:09.304	81.79				2
2020.08.14	10:13:09.304			81.79	200.00000000	88
2020.08.14	10:13:09.304			81.79	100.00000000	88
2020.08.14	10:13:09.304	81.78				2
2020.08.14	10:13:09.305			81.78	100.00000000	88
2020.08.14	10:13:09.305			81.77	100.00000000	88
2020.08.14	10:13:09.305			81.77	100.00000000	88
2020.08.14	10:13:09.305	81.76				2
2020.08.14	10:13:09.305			81.76	2000.00000000	88
2020.08.14	10:13:09.305			81.76	400.00000000	88
2020.08.14	10:13:09.305	81.75				2
2020.08.14	10:13:09.306		81.87			4
2020.08.14	10:13:09.307			81.87	100.00000000	56
2020.08.14	10:13:09.307			81.87	400.00000000	56
2020.08.14	10:13:09.308		81.86			4
2020.08.14	10:13:09.317			81.86	100.00000000	56
2020.08.14	10:13:09.317			81.86	400.00000000	56
2020.08.14	10:13:09.327			81.86	100.00000000	56
2020.08.14	10:13:09.327			81.86	200.00000000	56
2020.08.14	10:13:09.327			81.87	200.00000000	56
2020.08.14	10:13:09.327		81.87			4
2020.08.14	10:13:09.328		81.88			4
2020.08.14	10:13:09.328	81.76				2
2020.08.14	10:13:09.328		81.86			4
2020.08.14	10:13:09.344			81.86	500.00000000	56
2020.08.14	10:13:09.344		81.88			4
2020.08.14	10:13:09.345	81.77				2
2020.08.14	10:13:09.351			81.88	200.00000000	56
2020.08.14	10:13:09.351	81.88	81.89			6
2020.08.14	10:13:09.352			81.88	300.00000000	88
2020.08.14	10:13:09.352	81.77				2
2020.08.14	10:13:09.353		81.88			4
2020.08.14	10:13:09.361			81.88	100.00000000	56
2020.08.14	10:13:09.361			81.88	400.00000000	56
2020.08.14	10:13:09.361		81.89			4
2020.08.14	10:13:09.362	81.78				2
2020.08.14	10:13:09.370	81.88				2
2020.08.14	10:13:09.370			81.88	500.00000000	88
2020.08.14	10:13:09.370	81.78				2
2020.08.14	10:13:09.372		81.88			4
2020.08.14	10:13:09.376			81.88	100.00000000	56
2020.08.14	10:13:09.376	81.88	81.89			6
2020.08.14	10:13:09.377			81.88	400.00000000	88
2020.08.14	10:13:09.377	81.78				2
2020.08.14	10:13:09.378		81.88			4
2020.08.14	10:13:09.379	81.79				2
2020.08.14	10:13:09.383			81.88	100.00000000	56
2020.08.14	10:13:09.383	81.88	81.89			6
2020.08.14	10:13:09.384			81.88	400.00000000	88
2020.08.14	10:13:09.384	81.79				2
2020.08.14	10:13:09.386	81.78				2
2020.08.14	10:13:09.386		81.88			4
2020.08.14	10:13:09.391			81.88	100.00000000	56
2020.08.14	10:13:09.391	81.88	81.89			6
2020.08.14	10:13:09.392			81.88	400.00000000	88
2020.08.14	10:13:09.392	81.78				2
2020.08.14	10:13:09.393		81.88			4
2020.08.14	10:13:09.402			81.88	100.00000000	56
2020.08.14	10:13:09.402		81.89			4
2020.08.14	10:13:09.403	81.79				2
2020.08.14	10:13:09.432	81.78				2
2020.08.14	10:13:09.512	81.77				2
2020.08.14	10:13:09.601	81.78				2
2020.08.14	10:13:09.607			81.89	100.00000000	56
2020.08.14	10:13:09.607			81.90	100.00000000	56
2020.08.14	10:13:09.607		81.90			4
2020.08.14	10:13:09.607	81.79				2
2020.08.14	10:13:09.610	81.80				2
2020.08.14	10:13:10.278			81.90	200.00000000	56
2020.08.14	10:13:10.278			81.91	100.00000000	56
2020.08.14	10:13:10.278			81.92	100.00000000	56
2020.08.14	10:13:10.278		81.92			4
2020.08.14	10:13:10.279	81.81				2
2020.08.14	10:13:10.281	81.82				2
2020.08.14	10:13:10.282		81.93			4
2020.08.14	10:13:10.536		81.92			4
2020.08.14	10:13:10.675			81.82	500.00000000	88
2020.08.14	10:13:10.675			81.81	200.00000000	88
2020.08.14	10:13:10.675			81.81	100.00000000	88
2020.08.14	10:13:10.675			81.80	100.00000000	88
2020.08.14	10:13:10.675			81.79	100.00000000	88
2020.08.14	10:13:10.675	81.78				2
2020.08.14	10:13:10.676	81.79				2
2020.08.14	10:13:10.676		81.91			4
2020.08.14	10:13:10.683		81.90			4
2020.08.14	10:13:10.702	81.77				2
2020.08.14	10:13:10.976			81.90	100.00000000	56
2020.08.14	10:13:10.976	81.78				2
2020.08.14	10:13:10.978	81.77				2
2020.08.14	10:13:11.105	81.78				2
2020.08.14	10:13:11.265	81.77				2
2020.08.14	10:13:11.315			81.77	200.00000000	88
2020.08.14	10:13:11.315			81.76	100.00000000	88
2020.08.14	10:13:11.315			81.76	100.00000000	88
2020.08.14	10:13:11.315			81.75	200.00000000	88
2020.08.14	10:13:11.315			81.75	100.00000000	88
2020.08.14	10:13:11.315			81.75	100.00000000	88
2020.08.14	10:13:11.315			81.74	100.00000000	88
2020.08.14	10:13:11.315	81.74				2
2020.08.14	10:13:11.316			81.74	100.00000000	88
2020.08.14	10:13:11.316			81.74	100.00000000	88
2020.08.14	10:13:11.316			81.73	100.00000000	88
2020.08.14	10:13:11.316			81.72	100.00000000	88
2020.08.14	10:13:11.316			81.72	200.00000000	88
2020.08.14	10:13:11.316			81.72	100.00000000	88
2020.08.14	10:13:11.316			81.72	100.00000000	88
2020.08.14	10:13:11.316			81.71	100.00000000	88
2020.08.14	10:13:11.316			81.71	100.00000000	88
2020.08.14	10:13:11.316	81.70				2
2020.08.14	10:13:11.316			81.70	100.00000000	88
2020.08.14	10:13:11.316			81.70	100.00000000	88
2020.08.14	10:13:11.316			81.70	100.00000000	88
2020.08.14	10:13:11.316			81.69	1000.00000000	88
2020.08.14	10:13:11.316			81.69	700.00000000	88
2020.08.14	10:13:11.316	81.69				2
2020.08.14	10:13:11.316	81.73				2
2020.08.14	10:13:11.316		81.89			4
2020.08.14	10:13:11.319		81.88			4
2020.08.14	10:13:11.320		81.87			4
2020.08.14	10:13:11.320	81.71				2
2020.08.14	10:13:11.322			81.87	100.00000000	56
2020.08.14	10:13:11.322			81.88	100.00000000	56
2020.08.14	10:13:11.322			81.89	100.00000000	56
2020.08.14	10:13:11.322			81.89	200.00000000	56
2020.08.14	10:13:11.322		81.89			4
2020.08.14	10:13:11.322		81.88			4
2020.08.14	10:13:11.323	81.72				2
2020.08.14	10:13:11.323		81.87			4
2020.08.14	10:13:11.325			81.72	100.00000000	88
2020.08.14	10:13:11.325	81.71				2
2020.08.14	10:13:11.326			81.71	100.00000000	88
2020.08.14	10:13:11.326		81.86			4
2020.08.14	10:13:11.327	81.69				2
2020.08.14	10:13:11.328		81.85			4
2020.08.14	10:13:11.335			81.85	500.00000000	56
2020.08.14	10:13:11.335		81.86			4
2020.08.14	10:13:11.336	81.70				2
2020.08.14	10:13:11.348			81.86	100.00000000	56
2020.08.14	10:13:11.348			81.87	100.00000000	56
2020.08.14	10:13:11.348			81.88	200.00000000	56
2020.08.14	10:13:11.348		81.88			4
2020.08.14	10:13:11.349	81.71				2
2020.08.14	10:13:11.442	81.72				2
2020.08.14	10:13:11.622			81.72	100.00000000	88
2020.08.14	10:13:11.622			81.72	100.00000000	88
2020.08.14	10:13:11.623		81.87			4
2020.08.14	10:13:11.624	81.71				2
2020.08.14	10:13:11.624	81.70				2
2020.08.14	10:13:11.689			81.70	100.00000000	88
2020.08.14	10:13:11.689			81.70	100.00000000	88
2020.08.14	10:13:11.689			81.70	100.00000000	88
2020.08.14	10:13:11.689			81.70	200.00000000	88
2020.08.14	10:13:11.689	81.69				2
2020.08.14	10:13:11.691		81.86			4
2020.08.14	10:13:11.691		81.85			4
2020.08.14	10:13:11.693		81.86			4
2020.08.14	10:13:11.693		81.84			4
2020.08.14	10:13:11.764			81.84	500.00000000	56
2020.08.14	10:13:11.764		81.86			4
2020.08.14	10:13:11.765	81.70				2
2020.08.14	10:13:11.766		81.85			4
2020.08.14	10:13:11.802	81.69				2
2020.08.14	10:13:11.816	81.70				2
2020.08.14	10:13:11.961			81.70	100.00000000	88
2020.08.14	10:13:11.961	81.69				2
2020.08.14	10:13:11.962		81.84			4
2020.08.14	10:13:11.964		81.83			4
2020.08.14	10:13:12.082			81.83	200.00000000	56
2020.08.14	10:13:12.087	81.70				2
2020.08.14	10:13:12.343			81.83	200.00000000	56
2020.08.14	10:13:12.679			81.70	100.00000000	88
2020.08.14	10:13:12.679	81.69				2
2020.08.14	10:13:12.680		81.82			4
2020.08.14	10:13:12.682		81.81			4
2020.08.14	10:13:12.958		81.76			4
2020.08.14	10:13:13.000			81.69	100.00000000	88
2020.08.14	10:13:13.001			81.69	200.00000000	88
2020.08.14	10:13:13.001	81.68				2
2020.08.14	10:13:13.001		81.75			4
2020.08.14	10:13:13.002	81.65				2
2020.08.14	10:13:13.185			81.65	200.00000000	88
2020.08.14	10:13:13.185			81.64	100.00000000	88
2020.08.14	10:13:13.185	81.64				2
2020.08.14	10:13:13.186		81.74			4
2020.08.14	10:13:13.188		81.73			4
2020.08.14	10:13:13.264			81.64	100.00000000	88
2020.08.14	10:13:15.804			81.64	100.00000000	88
2020.08.14	10:13:15.804			81.64	200.00000000	88
2020.08.14	10:13:15.805			81.64	300.00000000	88
2020.08.14	10:13:15.805			81.64	100.00000000	88
2020.08.14	10:13:15.805	81.63				2
2020.08.14	10:13:15.805		81.72			4
2020.08.14	10:13:15.806	81.62				2
2020.08.14	10:13:15.807		81.71			4
2020.08.14	10:13:15.808	81.60				2
2020.08.14	10:13:15.814	81.64				2
2020.08.14	10:13:16.096		81.72			4
2020.08.14	10:13:16.201		81.74			4
2020.08.14	10:13:16.202		81.75			4
2020.08.14	10:13:16.204	81.65				2
2020.08.14	10:13:16.205	81.66				2
2020.08.14	10:13:16.293		81.76			4
2020.08.14	10:13:16.467			81.76	200.00000000	56
2020.08.14	10:13:16.467			81.79	100.00000000	56
2020.08.14	10:13:16.467			81.79	400.00000000	56
2020.08.14	10:13:16.467			81.80	100.00000000	56
2020.08.14	10:13:16.467			81.81	100.00000000	56
2020.08.14	10:13:16.467			81.81	100.00000000	56
2020.08.14	10:13:16.467		81.82			4
2020.08.14	10:13:16.468		81.81			4
2020.08.14	10:13:16.468	81.67				2
2020.08.14	10:13:16.469	81.68				2
2020.08.14	10:13:16.470			81.81	300.00000000	56
2020.08.14	10:13:16.472	81.69				2
2020.08.14	10:13:16.473	81.70				2
2020.08.14	10:13:16.481	81.71				2
2020.08.14	10:13:16.481		81.82			4
2020.08.14	10:13:16.502		81.83			4
2020.08.14	10:13:16.502	81.72				2
2020.08.14	10:13:16.505	81.70				2
2020.08.14	10:13:16.505	81.73				2
2020.08.14	10:13:16.565			81.83	100.00000000	56
2020.08.14	10:13:16.565			81.83	200.00000000	56
2020.08.14	10:13:16.565			81.84	100.00000000	56
2020.08.14	10:13:16.565			81.84	300.00000000	56
2020.08.14	10:13:16.565		81.84			4
2020.08.14	10:13:16.566	81.74				2
2020.08.14	10:13:16.568	81.75				2
2020.08.14	10:13:16.888			81.84	300.00000000	56
2020.08.14	10:13:16.888			81.85	100.00000000	56
2020.08.14	10:13:16.888			81.86	100.00000000	56
2020.08.14	10:13:16.888		81.86			4
2020.08.14	10:13:16.889		81.87			4
2020.08.14	10:13:16.889	81.76				2
2020.08.14	10:13:16.898	81.77				2
2020.08.14	10:13:16.899		81.88			4
2020.08.14	10:13:17.490	81.86				2
2020.08.14	10:13:17.491			81.86	500.00000000	120
2020.08.14	10:13:17.491	81.77				2
2020.08.14	10:13:17.491	81.79				2
2020.08.14	10:13:17.492		81.87			4
2020.08.14	10:13:17.492	81.78				2
2020.08.14	10:13:17.495	81.86				2
2020.08.14	10:13:17.496			81.86	100.00000000	120
2020.08.14	10:13:17.496	81.78				2
2020.08.14	10:13:17.496	81.79				2
2020.08.14	10:13:17.496			81.79	400.00000000	88
2020.08.14	10:13:17.496	81.77				2
2020.08.14	10:13:17.497		81.86			4
2020.08.14	10:13:17.534			81.77	100.00000000	88
2020.08.14	10:13:17.534	81.75				2
2020.08.14	10:13:17.534	81.74				2
2020.08.14	10:13:17.534		81.85			4
2020.08.14	10:13:17.536	81.73				2
2020.08.14	10:13:17.701	81.72				2
2020.08.14	10:13:17.702	81.71				2
2020.08.14	10:13:17.703	81.70				2
2020.08.14	10:13:17.704	81.71				2
2020.08.14	10:13:17.894	81.77				2
2020.08.14	10:13:17.895			81.77	300.00000000	120
2020.08.14	10:13:17.895	81.72				2
2020.08.14	10:13:17.895		81.84			4
2020.08.14	10:13:17.898	81.71				2
2020.08.14	10:13:17.955	81.70				2
2020.08.14	10:13:17.962			81.70	100.00000000	88
2020.08.14	10:13:17.964		81.83			4
2020.08.14	10:13:17.965		81.82			4
2020.08.14	10:13:17.966	81.69				2
2020.08.14	10:13:17.967	81.68				2
2020.08.14	10:13:18.187	81.69				2
2020.08.14	10:13:18.438		81.81			4
2020.08.14	10:13:18.440		81.80			4
2020.08.14	10:13:18.440	81.68				2
2020.08.14	10:13:18.651			81.68	400.00000000	88
2020.08.14	10:13:18.651			81.68	100.00000000	88
2020.08.14	10:13:18.652	81.67				2
2020.08.14	10:13:18.652		81.79			4
2020.08.14	10:13:18.653	81.66				2
2020.08.14	10:13:18.654	81.65				2
2020.08.14	10:13:18.654		81.78			4
2020.08.14	10:13:18.900	81.68				2
2020.08.14	10:13:19.198			81.78	400.00000000	56
2020.08.14	10:13:20.214			81.78	100.00000000	56
2020.08.14	10:13:20.214			81.78	100.00000000	56
2020.08.14	10:13:20.214			81.78	100.00000000	56
2020.08.14	10:13:20.214	81.66				2
2020.08.14	10:13:20.215	81.67				2
2020.08.14	10:13:20.216	81.68				2
2020.08.14	10:13:20.288	81.69				2
2020.08.14	10:13:21.242			81.78	100.00000000	56
2020.08.14	10:13:21.242		81.79			4
2020.08.14	10:13:21.243	81.70				2
2020.08.14	10:13:21.301	81.71				2
2020.08.14	10:13:21.710			81.71	500.00000000	88
2020.08.14	10:13:21.710			81.71	100.00000000	88
2020.08.14	10:13:21.710			81.70	100.00000000	88
2020.08.14	10:13:21.710			81.70	200.00000000	88
2020.08.14	10:13:21.710			81.69	100.00000000	88
2020.08.14	10:13:21.710	81.69				2
2020.08.14	10:13:21.711			81.69	100.00000000	88
2020.08.14	10:13:21.711	81.68				2
2020.08.14	10:13:21.711		81.78			4
2020.08.14	10:13:21.712	81.67				2
2020.08.14	10:13:21.713	81.66				2
2020.08.14	10:13:21.713		81.77			4
2020.08.14	10:13:21.713	81.65				2
2020.08.14	10:13:21.714	81.64				2
2020.08.14	10:13:21.715		81.76			4
2020.08.14	10:13:21.717	81.63				2
2020.08.14	10:13:22.142			81.76	100.00000000	56
2020.08.14	10:13:22.270		81.75			4
2020.08.14	10:13:22.271	81.62				2
2020.08.14	10:13:22.272		81.74			4
2020.08.14	10:13:22.485			81.74	100.00000000	56
2020.08.14	10:13:22.485			81.74	400.00000000	56
2020.08.14	10:13:22.487			81.74	100.00000000	56
2020.08.14	10:13:22.487			81.74	200.00000000	56
2020.08.14	10:13:22.488	81.63				2
2020.08.14	10:13:22.489		81.75			4
2020.08.14	10:13:22.490		81.74			4
2020.08.14	10:13:22.606			81.63	100.00000000	88
2020.08.14	10:13:22.607	81.62				2
2020.08.14	10:13:22.648	81.63				2
2020.08.14	10:13:23.072	81.70				2
2020.08.14	10:13:23.073			81.70	100.00000000	88
2020.08.14	10:13:23.073	81.63				2
2020.08.14	10:13:23.073			81.63	1000.00000000	88
2020.08.14	10:13:23.073			81.63	100.00000000	88
2020.08.14	10:13:23.073	81.62				2
2020.08.14	10:13:23.074			81.62	100.00000000	88
2020.08.14	10:13:23.074		81.73			4
2020.08.14	10:13:23.074			81.62	100.00000000	88
2020.08.14	10:13:23.074	81.61				2
2020.08.14	10:13:23.075		81.72			4
2020.08.14	10:13:23.075	81.60				2
2020.08.14	10:13:23.076		81.71			4
2020.08.14	10:13:23.077			81.60	1000.00000000	88
2020.08.14	10:13:23.077			81.60	1000.00000000	88
2020.08.14	10:13:23.077			81.60	1000.00000000	88
2020.08.14	10:13:23.078		81.70			4
2020.08.14	10:13:23.079			81.60	200.00000000	88
2020.08.14	10:13:23.079			81.60	100.00000000	88
2020.08.14	10:13:23.079	81.59				2
2020.08.14	10:13:23.080		81.69			4
2020.08.14	10:13:23.081		81.68			4
2020.08.14	10:13:23.090		81.67			4
2020.08.14	10:13:23.429			81.67	200.00000000	56
2020.08.14	10:13:23.430		81.68			4
2020.08.14	10:13:23.433		81.69			4
2020.08.14	10:13:23.434		81.70			4
2020.08.14	10:13:23.435		81.69			4
2020.08.14	10:13:23.472			81.69	200.00000000	56
2020.08.14	10:13:23.472			81.70	100.00000000	56
2020.08.14	10:13:23.472			81.70	500.00000000	56
2020.08.14	10:13:23.472	81.70	81.71			6
2020.08.14	10:13:23.473			81.70	400.00000000	88
2020.08.14	10:13:23.473	81.59				2
2020.08.14	10:13:23.473	81.60				2
2020.08.14	10:13:23.473		81.70			4
2020.08.14	10:13:23.474	81.61				2
2020.08.14	10:13:23.475	81.60				2
2020.08.14	10:13:23.750			81.70	200.00000000	56
2020.08.14	10:13:23.799			81.60	400.00000000	88
2020.08.14	10:13:23.799			81.60	100.00000000	88
2020.08.14	10:13:23.800			81.60	400.00000000	88
2020.08.14	10:13:23.800			81.60	100.00000000	88
2020.08.14	10:13:23.800			81.60	200.00000000	88
2020.08.14	10:13:23.800	81.59				2
2020.08.14	10:13:23.800		81.69			4
2020.08.14	10:13:24.618		81.70			4
2020.08.14	10:13:24.636	81.60				2
2020.08.14	10:13:24.700	81.61				2
2020.08.14	10:13:24.702	81.59				2
2020.08.14	10:13:24.702	81.60				2
2020.08.14	10:13:24.704	81.61				2
2020.08.14	10:13:25.307			81.70	100.00000000	56
2020.08.14	10:13:25.493		81.69			4
2020.08.14	10:13:25.494	81.60				2
2020.08.14	10:13:25.916		81.68			4
2020.08.14	10:13:26.332			81.68	500.00000000	56
2020.08.14	10:13:26.332		81.69			4
2020.08.14	10:13:26.333	81.61				2
2020.08.14	10:13:26.338			81.69	500.00000000	56
2020.08.14	10:13:26.338		81.70			4
2020.08.14	10:13:26.339	81.62				2
2020.08.14	10:13:26.344			81.70	300.00000000	56
2020.08.14	10:13:26.431			81.62	100.00000000	88
2020.08.14	10:13:26.431			81.62	200.00000000	88
2020.08.14	10:13:26.432			81.62	300.00000000	88
2020.08.14	10:13:26.432	81.61				2
2020.08.14	10:13:26.432		81.69			4
2020.08.14	10:13:26.433	81.60				2
2020.08.14	10:13:26.497		81.70			4
2020.08.14	10:13:26.613			81.60	700.00000000	88
2020.08.14	10:13:26.614		81.69			4
2020.08.14	10:13:27.047	81.66				2
2020.08.14	10:13:27.048		81.70			4
2020.08.14	10:13:27.068			81.70	400.00000000	56
2020.08.14	10:13:27.068			81.70	500.00000000	56
2020.08.14	10:13:27.068			81.71	500.00000000	56
2020.08.14	10:13:27.068			81.71	100.00000000	56
2020.08.14	10:13:27.068			81.72	100.00000000	56
2020.08.14	10:13:27.068			81.73	100.00000000	56
2020.08.14	10:13:27.068			81.73	100.00000000	56
2020.08.14	10:13:27.068			81.74	100.00000000	56
2020.08.14	10:13:27.068			81.74	100.00000000	56
2020.08.14	10:13:27.068			81.75	100.00000000	56
2020.08.14	10:13:27.068			81.75	100.00000000	56
2020.08.14	10:13:27.068			81.75	200.00000000	56
2020.08.14	10:13:27.068		81.75			4
2020.08.14	10:13:27.071	81.67				2
2020.08.14	10:13:27.458			81.75	100.00000000	56
2020.08.14	10:13:27.458		81.77			4
2020.08.14	10:13:28.451		81.79			4
2020.08.14	10:13:28.452		81.78			4
2020.08.14	10:13:28.465	81.75				2
2020.08.14	10:13:28.486			81.75	500.00000000	88
2020.08.14	10:13:28.486	81.68				2
2020.08.14	10:13:28.487	81.67				2
2020.08.14	10:13:28.487	81.69				2
2020.08.14	10:13:28.487		81.77			4
2020.08.14	10:13:28.490	81.75				2
2020.08.14	10:13:28.491		81.79			4
2020.08.14	10:13:28.492			81.75	100.00000000	88
2020.08.14	10:13:28.492	81.67				2
2020.08.14	10:13:28.492	81.68				2
2020.08.14	10:13:28.493		81.78			4
2020.08.14	10:13:28.802			81.78	100.00000000	56
2020.08.14	10:13:28.802			81.79	100.00000000	56
2020.08.14	10:13:28.802		81.79			4
2020.08.14	10:13:28.803	81.69				2
2020.08.14	10:13:28.804		81.80			4
2020.08.14	10:13:28.805	81.70				2
2020.08.14	10:13:29.544			81.80	200.00000000	56
2020.08.14	10:13:29.544			81.80	300.00000000	56
2020.08.14	10:13:29.544			81.80	100.00000000	56
2020.08.14	10:13:29.545	81.71				2
2020.08.14	10:13:29.547	81.72				2
2020.08.14	10:13:30.153			81.72	200.00000000	88
2020.08.14	10:13:30.317	81.71				2
2020.08.14	10:13:30.318		81.79			4
2020.08.14	10:13:30.320			81.71	200.00000000	88
2020.08.14	10:13:30.320			81.71	100.00000000	88
2020.08.14	10:13:30.320	81.70				2
2020.08.14	10:13:30.320		81.78			4
2020.08.14	10:13:30.321	81.69				2
2020.08.14	10:13:30.322	81.68				2
2020.08.14	10:13:30.323	81.67				2
2020.08.14	10:13:30.324	81.66				2
2020.08.14	10:13:30.324		81.77			4
2020.08.14	10:13:30.429		81.76			4
2020.08.14	10:13:30.431		81.75			4
2020.08.14	10:13:30.572	81.71				2
2020.08.14	10:13:30.573			81.71	100.00000000	120
2020.08.14	10:13:30.573	81.66				2
2020.08.14	10:13:30.573	81.67				2
2020.08.14	10:13:30.574		81.74			4
2020.08.14	10:13:30.575	81.66				2
2020.08.14	10:13:30.694			81.74	100.00000000	56
2020.08.14	10:13:31.492	81.70				2
2020.08.14	10:13:31.493			81.70	300.00000000	120
2020.08.14	10:13:31.493	81.66				2
2020.08.14	10:13:31.494		81.73			4
2020.08.14	10:13:31.577	81.70				2
2020.08.14	10:13:31.578			81.70	100.00000000	88
2020.08.14	10:13:31.578	81.66				2
2020.08.14	10:13:31.579		81.72			4
2020.08.14	10:13:32.095			81.72	100.00000000	56
2020.08.14	10:13:32.411			81.66	400.00000000	88
2020.08.14	10:13:32.411	81.63				2
2020.08.14	10:13:32.411		81.71			4
2020.08.14	10:13:32.581	81.66				2
2020.08.14	10:13:34.977			81.66	100.00000000	88
2020.08.14	10:13:34.977			81.66	100.00000000	88
2020.08.14	10:13:35.672			81.66	100.00000000	88
2020.08.14	10:13:35.672	81.63				2
2020.08.14	10:13:35.673		81.70			4
2020.08.14	10:13:35.675			81.63	100.00000000	88
2020.08.14	10:13:35.675	81.62				2
2020.08.14	10:13:35.675		81.65			4
2020.08.14	10:13:37.602			81.62	100.00000000	88
2020.08.14	10:13:37.602	81.61				2
2020.08.14	10:13:37.603			81.61	200.00000000	88
2020.08.14	10:13:37.603	81.60				2
2020.08.14	10:13:37.604		81.64			4
2020.08.14	10:13:37.606			81.60	1300.00000000	88
2020.08.14	10:13:37.606			81.60	200.00000000	88
2020.08.14	10:13:37.606			81.60	200.00000000	88
2020.08.14	10:13:37.606			81.60	100.00000000	88
2020.08.14	10:13:37.606			81.60	100.00000000	88
2020.08.14	10:13:37.606	81.59				2
2020.08.14	10:13:37.609			81.59	1000.00000000	88
2020.08.14	10:13:37.609			81.59	500.00000000	88
2020.08.14	10:13:37.609			81.59	500.00000000	88
2020.08.14	10:13:37.609			81.59	1000.00000000	88
2020.08.14	10:13:37.609			81.59	1000.00000000	88
2020.08.14	10:13:37.609			81.59	500.00000000	88
2020.08.14	10:13:37.609			81.59	1000.00000000	88
2020.08.14	10:13:37.609			81.59	1000.00000000	88
2020.08.14	10:13:37.609			81.59	1200.00000000	88
2020.08.14	10:13:37.609			81.59	3200.00000000	88
2020.08.14	10:13:37.609			81.59	1000.00000000	88
2020.08.14	10:13:37.609			81.59	200.00000000	88
2020.08.14	10:13:37.609			81.59	1000.00000000	88
2020.08.14	10:13:37.609			81.59	500.00000000	88
2020.08.14	10:13:37.609	81.57				2
2020.08.14	10:13:37.609			81.57	100.00000000	88
2020.08.14	10:13:37.609			81.56	400.00000000	88
2020.08.14	10:13:37.609			81.55	200.00000000	88
2020.08.14	10:13:37.609			81.54	100.00000000	88
2020.08.14	10:13:37.609			81.54	100.00000000	88
2020.08.14	10:13:37.609	81.54				2
2020.08.14	10:13:37.610			81.54	400.00000000	88
2020.08.14	10:13:37.610			81.53	100.00000000	88
2020.08.14	10:13:37.610			81.53	100.00000000	88
2020.08.14	10:13:37.610			81.52	100.00000000	88
2020.08.14	10:13:37.610			81.52	400.00000000	88
2020.08.14	10:13:37.610			81.52	100.00000000	88
2020.08.14	10:13:37.610	81.52				2
2020.08.14	10:13:37.610	81.51				2
2020.08.14	10:13:37.611		81.63			4
2020.08.14	10:13:37.611	81.50				2
2020.08.14	10:13:37.613		81.62			4
2020.08.14	10:13:37.614		81.61			4
2020.08.14	10:13:37.615			81.50	500.00000000	88
2020.08.14	10:13:37.615			81.50	7500.00000000	88
2020.08.14	10:13:37.615			81.50	100.00000000	88
2020.08.14	10:13:37.617			81.50	1400.00000000	88
2020.08.14	10:13:37.617		81.60			4
2020.08.14	10:13:37.618		81.59			4
2020.08.14	10:13:37.619			81.50	1000.00000000	88
2020.08.14	10:13:37.619			81.50	400.00000000	88
2020.08.14	10:13:37.619			81.50	100.00000000	88
2020.08.14	10:13:37.620			81.50	500.00000000	88
2020.08.14	10:13:37.620	81.48				2
2020.08.14	10:13:37.620		81.58			4
2020.08.14	10:13:37.621	81.46				2
2020.08.14	10:13:37.622		81.57			4
2020.08.14	10:13:37.626	81.45				2
2020.08.14	10:13:37.628		81.56			4
2020.08.14	10:13:37.630		81.55			4
2020.08.14	10:13:37.686			81.55	100.00000000	56
2020.08.14	10:13:38.207	81.46				2
2020.08.14	10:13:38.299			81.46	100.00000000	88
2020.08.14	10:13:38.301			81.46	400.00000000	88
2020.08.14	10:13:38.301	81.45				2
2020.08.14	10:13:38.301		81.54			4
2020.08.14	10:13:38.401		81.55			4
2020.08.14	10:13:38.494			81.45	100.00000000	88
2020.08.14	10:13:38.920			81.55	200.00000000	56
2020.08.14	10:13:38.920			81.56	100.00000000	56
2020.08.14	10:13:38.920			81.57	200.00000000	56
2020.08.14	10:13:38.920			81.57	100.00000000	56
2020.08.14	10:13:38.920			81.58	100.00000000	56
2020.08.14	10:13:38.920			81.58	100.00000000	56
2020.08.14	10:13:38.920			81.58	200.00000000	56
2020.08.14	10:13:38.920			81.58	100.00000000	56
2020.08.14	10:13:38.920			81.59	100.00000000	56
2020.08.14	10:13:38.920			81.59	200.00000000	56
2020.08.14	10:13:38.920			81.59	100.00000000	56
2020.08.14	10:13:38.920			81.59	100.00000000	56
2020.08.14	10:13:38.920			81.60	100.00000000	56
2020.08.14	10:13:38.920			81.60	200.00000000	56
2020.08.14	10:13:38.920			81.60	100.00000000	56
2020.08.14	10:13:38.920			81.60	600.00000000	56
2020.08.14	10:13:38.920			81.60	100.00000000	56
2020.08.14	10:13:38.920			81.60	300.00000000	56
2020.08.14	10:13:38.920		81.60			4
2020.08.14	10:13:38.921		81.56			4
2020.08.14	10:13:38.921		81.60			4
2020.08.14	10:13:38.922	81.46				2
2020.08.14	10:13:38.923	81.47				2
2020.08.14	10:13:38.926	81.48				2
2020.08.14	10:13:38.927	81.49				2
2020.08.14	10:13:38.931	81.50				2
2020.08.14	10:13:38.932	81.51				2
2020.08.14	10:13:39.186	81.52				2
2020.08.14	10:13:39.509			81.60	200.00000000	56
2020.08.14	10:13:39.510	81.53				2
2020.08.14	10:13:39.940	81.54				2
2020.08.14	10:13:39.941		81.61			4
2020.08.14	10:13:39.944	81.60				2
2020.08.14	10:13:39.945		81.62			4
2020.08.14	10:13:39.946			81.62	200.00000000	56
2020.08.14	10:13:39.946		81.63			4
2020.08.14	10:13:39.947			81.63	200.00000000	56
2020.08.14	10:13:39.947		81.64			4
2020.08.14	10:13:39.948			81.64	200.00000000	56
2020.08.14	10:13:39.948		81.65			4
2020.08.14	10:13:39.948			81.65	100.00000000	56
2020.08.14	10:13:39.948			81.65	200.00000000	56
2020.08.14	10:13:39.948		81.67			4
2020.08.14	10:13:39.949	81.61				2
2020.08.14	10:13:39.950		81.68			4
2020.08.14	10:13:39.951		81.69			4
2020.08.14	10:13:40.451			81.69	200.00000000	56
2020.08.14	10:13:40.452		81.70			4
2020.08.14	10:13:40.452	81.62				2
2020.08.14	10:13:40.453	81.63				2
2020.08.14	10:13:40.685			81.63	500.00000000	88
2020.08.14	10:13:40.685			81.62	100.00000000	88
2020.08.14	10:13:40.685			81.61	400.00000000	88
2020.08.14	10:13:40.685	81.61				2
2020.08.14	10:13:40.686			81.61	800.00000000	88
2020.08.14	10:13:40.686			81.61	200.00000000	88
2020.08.14	10:13:40.686	81.60				2
2020.08.14	10:13:40.686		81.69			4
2020.08.14	10:13:40.967	81.58				2
2020.08.14	10:13:40.968	81.57				2
2020.08.14	10:13:40.968		81.68			4
2020.08.14	10:13:40.969	81.56				2
2020.08.14	10:13:40.973	81.61				2
2020.08.14	10:13:42.205		81.65			4
2020.08.14	10:13:44.693			81.61	100.00000000	88
2020.08.14	10:13:44.851			81.61	400.00000000	88
2020.08.14	10:13:44.851			81.61	500.00000000	88
2020.08.14	10:13:44.851			81.61	100.00000000	88
2020.08.14	10:13:44.851	81.60				2
2020.08.14	10:13:44.853			81.60	100.00000000	88
2020.08.14	10:13:44.853	81.57				2
2020.08.14	10:13:44.853		81.64			4
2020.08.14	10:13:44.853	81.56				2
2020.08.14	10:13:44.855		81.63			4
2020.08.14	10:13:44.856	81.54				2
2020.08.14	10:13:44.857	81.61				2
2020.08.14	10:13:44.858			81.61	500.00000000	88
2020.08.14	10:13:44.858	81.52				2
2020.08.14	10:13:44.858	81.57				2
2020.08.14	10:13:44.858	81.61				2
2020.08.14	10:13:44.858		81.64			4
2020.08.14	10:13:44.859		81.62			4
2020.08.14	10:13:44.868		81.64			4
2020.08.14	10:13:44.960		81.65			4
2020.08.14	10:13:45.738			81.61	500.00000000	88
2020.08.14	10:13:45.738			81.61	500.00000000	88
2020.08.14	10:13:45.738			81.61	100.00000000	88
2020.08.14	10:13:45.738			81.60	300.00000000	88
2020.08.14	10:13:45.738			81.57	100.00000000	88
2020.08.14	10:13:45.738			81.57	100.00000000	88
2020.08.14	10:13:45.738			81.56	100.00000000	88
2020.08.14	10:13:45.738			81.56	100.00000000	88
2020.08.14	10:13:45.738			81.56	200.00000000	88
2020.08.14	10:13:45.738	81.55				2
2020.08.14	10:13:45.739	81.56				2
2020.08.14	10:13:45.739		81.64			4
2020.08.14	10:13:45.744	81.61				2
2020.08.14	10:13:45.744		81.65			4
2020.08.14	10:13:45.873	81.56				2
2020.08.14	10:13:46.653	81.60				2
2020.08.14	10:13:50.079			81.60	100.00000000	88
2020.08.14	10:13:50.079			81.60	100.00000000	88
2020.08.14	10:13:50.079			81.56	200.00000000	88
2020.08.14	10:13:50.079			81.56	400.00000000	88
2020.08.14	10:13:50.079	81.56				2
2020.08.14	10:13:50.080		81.64			4
2020.08.14	10:13:50.080			81.56	100.00000000	88
2020.08.14	10:13:50.080			81.56	300.00000000	88
2020.08.14	10:13:50.080	81.55				2
2020.08.14	10:13:50.081	81.54				2
2020.08.14	10:13:50.081		81.63			4
2020.08.14	10:13:50.081	81.53				2
2020.08.14	10:13:50.083		81.62			4
2020.08.14	10:13:50.084	81.52				2
2020.08.14	10:13:50.084	81.51				2
2020.08.14	10:13:50.085	81.50				2
2020.08.14	10:13:50.085	81.51				2
2020.08.14	10:13:50.086	81.56				2
2020.08.14	10:13:50.363			81.62	100.00000000	56
2020.08.14	10:13:51.098			81.62	400.00000000	56
2020.08.14	10:13:51.098			81.62	100.00000000	56
2020.08.14	10:13:51.098	81.51				2
2020.08.14	10:13:51.105			81.62	100.00000000	56
2020.08.14	10:13:51.105			81.62	200.00000000	56
2020.08.14	10:13:51.105			81.62	100.00000000	56
2020.08.14	10:13:51.105	81.62	81.63			6
2020.08.14	10:13:51.106		81.64			4
2020.08.14	10:13:51.107			81.62	100.00000000	88
2020.08.14	10:13:51.107	81.51				2
2020.08.14	10:13:51.107	81.57				2
2020.08.14	10:13:51.107		81.65			4
2020.08.14	10:13:51.108		81.63			4
2020.08.14	10:13:51.109	81.56				2
2020.08.14	10:13:51.109	81.55				2
2020.08.14	10:13:51.109	81.53				2
2020.08.14	10:13:51.110	81.55				2
2020.08.14	10:13:51.110	81.53				2
2020.08.14	10:13:51.115	81.62				2
2020.08.14	10:13:51.116		81.64			4
2020.08.14	10:13:51.118		81.65			4
2020.08.14	10:13:51.175			81.62	500.00000000	88
2020.08.14	10:13:51.175			81.57	100.00000000	88
2020.08.14	10:13:51.175			81.56	100.00000000	88
2020.08.14	10:13:51.175	81.55	81.56			6
2020.08.14	10:13:51.176			81.56	1300.00000000	56
2020.08.14	10:13:51.176	81.54				2
2020.08.14	10:13:51.176	81.53				2
2020.08.14	10:13:51.176		81.65			4
2020.08.14	10:13:51.177	81.51				2
2020.08.14	10:13:51.177	81.54				2
2020.08.14	10:13:51.179	81.62				2
2020.08.14	10:13:52.030			81.62	100.00000000	88
2020.08.14	10:13:53.475			81.62	100.00000000	88
2020.08.14	10:13:53.476			81.62	300.00000000	88
2020.08.14	10:13:53.476			81.62	200.00000000	88
2020.08.14	10:13:53.476			81.62	100.00000000	88
2020.08.14	10:13:53.476			81.62	100.00000000	88
2020.08.14	10:13:53.476	81.59				2
2020.08.14	10:13:53.476		81.64			4
2020.08.14	10:13:53.480			81.59	100.00000000	88
2020.08.14	10:13:53.480	81.55				2
2020.08.14	10:13:53.481		81.63			4
2020.08.14	10:13:53.482	81.54				2
2020.08.14	10:13:53.483			81.62	100.00000000	120
2020.08.14	10:13:53.483	81.53				2
2020.08.14	10:13:53.483	81.52				2
2020.08.14	10:13:53.483	81.62				2
2020.08.14	10:13:53.485			81.62	400.00000000	88
2020.08.14	10:13:53.485	81.52				2
2020.08.14	10:13:53.485	81.53				2
2020.08.14	10:13:53.486		81.62			4
2020.08.14	10:13:53.501			81.62	100.00000000	56
2020.08.14	10:13:53.501	81.62	81.63			6
2020.08.14	10:13:53.502			81.62	400.00000000	88
2020.08.14	10:13:53.502	81.53				2
2020.08.14	10:13:53.503		81.62			4
2020.08.14	10:13:53.513			81.62	100.00000000	56
2020.08.14	10:13:53.513			81.62	200.00000000	56
2020.08.14	10:13:53.523		81.58			4
2020.08.14	10:13:53.524			81.58	300.00000000	56
2020.08.14	10:13:53.524		81.60			4
2020.08.14	10:13:53.525	81.54				2
2020.08.14	10:13:53.601	81.53				2
2020.08.14	10:13:53.604			81.60	100.00000000	56
2020.08.14	10:13:53.639	81.52				2
2020.08.14	10:13:53.838	81.51				2
2020.08.14	10:13:54.377			81.60	300.00000000	56
2020.08.14	10:13:54.378	81.52				2
2020.08.14	10:13:54.540			81.60	100.00000000	56
2020.08.14	10:13:54.540		81.61			4
2020.08.14	10:13:54.541	81.53				2
2020.08.14	10:13:55.585		81.56			4
2020.08.14	10:13:55.988	81.52				2
2020.08.14	10:13:57.522		81.59			4
2020.08.14	10:13:57.523		81.60			4
2020.08.14	10:13:57.525		81.61			4
2020.08.14	10:13:57.526		81.62			4
2020.08.14	10:13:57.526	81.53				2
2020.08.14	10:13:57.568	81.54				2
2020.08.14	10:13:57.606	81.55				2
2020.08.14	10:13:57.717		81.60			4
2020.08.14	10:13:58.219			81.60	100.00000000	56
2020.08.14	10:13:59.246			81.60	100.00000000	56
2020.08.14	10:13:59.246		81.62			4
2020.08.14	10:13:59.247	81.56				2
2020.08.14	10:14:00.258	81.56				2
2020.08.14	10:14:00.928			81.56	100.00000000	88
2020.08.14	10:14:00.930			81.56	100.00000000	88
2020.08.14	10:14:00.930	81.55				2
2020.08.14	10:14:00.930	81.54				2
2020.08.14	10:14:00.930	81.53				2
2020.08.14	10:14:00.930		81.61			4
2020.08.14	10:14:00.932	81.52				2
2020.08.14	10:14:01.001	81.51				2
2020.08.14	10:14:01.222		81.62			4
2020.08.14	10:14:01.223		81.61			4
2020.08.14	10:14:02.193			81.51	100.00000000	88
2020.08.14	10:14:02.193	81.50				2
2020.08.14	10:14:02.194		81.60			4
2020.08.14	10:14:02.197		81.59			4
2020.08.14	10:14:02.444			81.59	100.00000000	56
2020.08.14	10:14:02.445	81.51				2
2020.08.14	10:14:02.575	81.50				2
2020.08.14	10:14:02.780			81.59	400.00000000	56
2020.08.14	10:14:02.780			81.60	1000.00000000	56
2020.08.14	10:14:02.780			81.61	100.00000000	56
2020.08.14	10:14:02.780			81.61	400.00000000	56
2020.08.14	10:14:02.780			81.62	100.00000000	56
2020.08.14	10:14:02.780		81.62			4
2020.08.14	10:14:02.781	81.51				2
2020.08.14	10:14:02.782	81.52				2
2020.08.14	10:14:02.790	81.53				2
2020.08.14	10:14:02.791	81.54				2
2020.08.14	10:14:02.803			81.54	100.00000000	88
2020.08.14	10:14:02.803			81.54	400.00000000	88
2020.08.14	10:14:02.803			81.53	100.00000000	88
2020.08.14	10:14:02.803			81.52	100.00000000	88
2020.08.14	10:14:02.803			81.52	100.00000000	88
2020.08.14	10:14:02.803			81.51	100.00000000	88
2020.08.14	10:14:02.803			81.51	100.00000000	88
2020.08.14	10:14:02.803	81.50				2
2020.08.14	10:14:02.804	81.51				2
2020.08.14	10:14:02.805		81.61			4
2020.08.14	10:14:02.865	81.50				2
2020.08.14	10:14:03.800	81.51				2
2020.08.14	10:14:03.801	81.52				2
2020.08.14	10:14:03.925			81.52	100.00000000	88
2020.08.14	10:14:03.925			81.51	100.00000000	88
2020.08.14	10:14:03.925			81.51	300.00000000	88
2020.08.14	10:14:03.925	81.51				2
2020.08.14	10:14:03.926			81.51	100.00000000	88
2020.08.14	10:14:03.926		81.60			4
2020.08.14	10:14:03.926	81.50				2
2020.08.14	10:14:03.927		81.59			4
2020.08.14	10:14:04.057			81.59	100.00000000	56
2020.08.14	10:14:04.817			81.59	400.00000000	56
2020.08.14	10:14:04.817	81.59	81.61			6
2020.08.14	10:14:04.818			81.59	100.00000000	88
2020.08.14	10:14:04.818		81.62			4
2020.08.14	10:14:04.818	81.53				2
2020.08.14	10:14:04.819		81.61			4
2020.08.14	10:14:04.821	81.51				2
2020.08.14	10:14:04.822		81.60			4
2020.08.14	10:14:04.823	81.50				2
2020.08.14	10:14:04.993	81.56				2
2020.08.14	10:14:04.994			81.56	100.00000000	120
2020.08.14	10:14:04.994	81.50				2
2020.08.14	10:14:04.995		81.59			4
2020.08.14	10:14:04.997		81.58			4
2020.08.14	10:14:05.755			81.58	100.00000000	56
2020.08.14	10:14:05.839			81.58	100.00000000	56
2020.08.14	10:14:07.437			81.50	100.00000000	88
2020.08.14	10:14:07.490			81.50	300.00000000	88
2020.08.14	10:14:07.490			81.50	700.00000000	88
2020.08.14	10:14:07.491			81.50	6800.00000000	88
2020.08.14	10:14:07.491			81.50	100.00000000	88
2020.08.14	10:14:07.491			81.50	300.00000000	88
2020.08.14	10:14:07.491			81.50	100.00000000	88
2020.08.14	10:14:07.491	81.49				2
2020.08.14	10:14:07.491		81.57			4
2020.08.14	10:14:07.493	81.48				2
2020.08.14	10:14:07.493		81.56			4
2020.08.14	10:14:07.493	81.47				2
2020.08.14	10:14:08.362			81.56	100.00000000	56
2020.08.14	10:14:08.511			81.56	100.00000000	56
2020.08.14	10:14:09.518			81.56	300.00000000	56
2020.08.14	10:14:09.518			81.56	200.00000000	56
2020.08.14	10:14:09.518		81.57			4
2020.08.14	10:14:09.519		81.58			4
2020.08.14	10:14:09.519		81.57			4
2020.08.14	10:14:09.519	81.48				2
2020.08.14	10:14:09.522	81.47				2
2020.08.14	10:14:09.523		81.56			4
2020.08.14	10:14:09.527			81.56	500.00000000	56
2020.08.14	10:14:09.534			81.56	200.00000000	56
2020.08.14	10:14:09.534	81.56	81.57			6
2020.08.14	10:14:09.535			81.56	200.00000000	88
2020.08.14	10:14:09.535	81.47				2
2020.08.14	10:14:09.535	81.48				2
2020.08.14	10:14:09.536		81.56			4
2020.08.14	10:14:09.537	81.47				2
2020.08.14	10:14:10.178			81.47	100.00000000	88
2020.08.14	10:14:10.179			81.47	200.00000000	88
2020.08.14	10:14:10.179			81.47	100.00000000	88
2020.08.14	10:14:10.179			81.47	100.00000000	88
2020.08.14	10:14:10.179	81.46				2
2020.08.14	10:14:10.180		81.55			4
2020.08.14	10:14:10.180	81.45				2
2020.08.14	10:14:11.167			81.55	100.00000000	56
2020.08.14	10:14:11.199			81.55	100.00000000	56
2020.08.14	10:14:13.649			81.55	100.00000000	56
2020.08.14	10:14:15.239			81.45	400.00000000	88
2020.08.14	10:14:15.239			81.45	600.00000000	88
2020.08.14	10:14:15.239		81.46			4
2020.08.14	10:14:15.241			81.45	400.00000000	88
2020.08.14	10:14:15.241			81.42	100.00000000	88
2020.08.14	10:14:15.241	81.41				2
2020.08.14	10:14:15.242		81.45			4
2020.08.14	10:14:15.244			81.41	100.00000000	88
2020.08.14	10:14:15.244			81.40	4100.00000000	88
2020.08.14	10:14:15.244	81.40				2
2020.08.14	10:14:15.245		81.44			4
2020.08.14	10:14:15.246			81.40	5900.00000000	88
2020.08.14	10:14:15.246			81.40	200.00000000	88
2020.08.14	10:14:15.246	81.36				2
2020.08.14	10:14:15.247		81.43			4
2020.08.14	10:14:15.283		81.41			4
2020.08.14	10:14:15.341	81.40				2
2020.08.14	10:14:15.399			81.40	500.00000000	88
2020.08.14	10:14:15.410			81.41	100.00000000	56
2020.08.14	10:14:15.410		81.44			4
2020.08.14	10:14:16.260	81.41				2
2020.08.14	10:14:16.261		81.45			4
2020.08.14	10:14:16.269		81.46			4
2020.08.14	10:14:16.382			81.41	100.00000000	88
2020.08.14	10:14:16.382			81.40	1500.00000000	88
2020.08.14	10:14:16.382			81.40	400.00000000	88
2020.08.14	10:14:16.382	81.40				2
2020.08.14	10:14:16.383		81.45			4
2020.08.14	10:14:16.500		81.46			4
2020.08.14	10:14:16.875			81.40	100.00000000	88
2020.08.14	10:14:16.875			81.36	100.00000000	88
2020.08.14	10:14:16.875	81.36				2
2020.08.14	10:14:16.875			81.36	100.00000000	88
2020.08.14	10:14:16.875	81.35	81.36			6
2020.08.14	10:14:16.875	81.34				2
2020.08.14	10:14:16.876	81.33				2
2020.08.14	10:14:16.878	81.32				2
2020.08.14	10:14:16.880	81.30				2
2020.08.14	10:14:16.880			81.30	100.00000000	88
2020.08.14	10:14:16.880			81.30	500.00000000	88
2020.08.14	10:14:16.880			81.28	200.00000000	88
2020.08.14	10:14:16.880	81.28				2
2020.08.14	10:14:16.881	81.27				2
2020.08.14	10:14:16.882		81.35			4
2020.08.14	10:14:16.892			81.27	100.00000000	88
2020.08.14	10:14:16.892			81.25	200.00000000	88
2020.08.14	10:14:16.892	81.25				2
2020.08.14	10:14:16.893		81.34			4
2020.08.14	10:14:16.893	81.23				2
2020.08.14	10:14:16.894	81.22				2
2020.08.14	10:14:16.895			81.22	100.00000000	88
2020.08.14	10:14:16.895		81.33			4
2020.08.14	10:14:16.895	81.21				2
2020.08.14	10:14:16.896	81.20				2
2020.08.14	10:14:16.899	81.21				2
2020.08.14	10:14:16.904			81.21	100.00000000	88
2020.08.14	10:14:16.944		81.30			4
2020.08.14	10:14:17.006		81.23			4
2020.08.14	10:14:17.008			81.23	100.00000000	56
2020.08.14	10:14:17.008		81.26			4
2020.08.14	10:14:17.009	81.20				2
2020.08.14	10:14:17.009		81.27			4
2020.08.14	10:14:17.010		81.28			4
2020.08.14	10:14:17.011		81.29			4
2020.08.14	10:14:17.013		81.30			4
2020.08.14	10:14:17.285	81.23				2
2020.08.14	10:14:17.836			81.30	100.00000000	56
2020.08.14	10:14:17.836			81.31	100.00000000	56
2020.08.14	10:14:17.836		81.32			4
2020.08.14	10:14:17.837	81.24				2
2020.08.14	10:14:17.838		81.33			4
2020.08.14	10:14:17.839		81.34			4
2020.08.14	10:14:18.253			81.34	400.00000000	56
2020.08.14	10:14:18.253		81.35			4
2020.08.14	10:14:18.254	81.25				2
2020.08.14	10:14:18.256	81.24				2
2020.08.14	10:14:18.383	81.23				2
2020.08.14	10:14:18.554		81.34			4
2020.08.14	10:14:18.606			81.34	500.00000000	56
2020.08.14	10:14:18.606			81.35	200.00000000	56
2020.08.14	10:14:18.606			81.35	200.00000000	56
2020.08.14	10:14:18.606			81.35	100.00000000	56
2020.08.14	10:14:18.606		81.35			4
2020.08.14	10:14:18.608	81.24				2
2020.08.14	10:14:18.845			81.35	400.00000000	56
2020.08.14	10:14:18.845	81.35	81.36			6
2020.08.14	10:14:18.846			81.35	100.00000000	88
2020.08.14	10:14:18.846	81.24				2
2020.08.14	10:14:18.846	81.25				2
2020.08.14	10:14:18.847	81.28				2
2020.08.14	10:14:18.847		81.35			4
2020.08.14	10:14:18.848	81.25				2
2020.08.14	10:14:18.853			81.35	100.00000000	56
